1548 2703
70 83 172 133 1340
288 80 361 119 Ll
386 77 537 120 BER
576 78 804 147 >tx-{cvm
867 82 981 121 cir.
1005 81 1267 123 xx1.xxn.

332 187 335 193 ,
385 151 626 196 (1.0565.
831 165 867 190 a.
889 153 933 190 C.
958 152 1010 190 N.
1041 154 1132 206 189.
1231 139 1427 152 “““““’·“““

90 247 189 273 cum
208 245 387 270 manum
404 230 529 270 hostis
552 245 645 269 non
663 231 918 281 consereret,
945 234 1087 272 nullus
1107 233 1198 273 usus
1218 245 1318 273 erat.
1362 234 1435 278 Sel-2

91 291 155 331 xis
169 319 179 339 ,
207 303 292 329 nec
315 288 486 328 modicis
501 318 512 338 ,
545 300 590 327 ut
609 303 714 342 quae
735 303 828 327 non
848 289 1188 344 praeparassent,
1218 290 1291 331 sed
1315 289 1428 345 quod

92 349 243 402 cuique
263 358 425 386 temere
447 346 679 400 trepidanti
699 346 750 384 ad
773 361 947 386 manum
969 348 1170 398 venisset,
1198 360 1242 387 ut
1260 349 1426 397 insueti,
1460 380 1462 382 -

91 420 177 447 nec
205 417 294 444 arte
324 419 409 444 nec
438 405 595 444 viribus
624 403 870 458 adjuvantes
900 406 1055 454 ictum,
1087 409 1326 445 utebantur.
1370 406 1426 445 sa-

93 465 237 519 ginis,
256 462 426 518 glande,
458 463 600 516 jaculis
622 463 780 501 incauti
801 465 853 502 ab
876 465 994 503 omni
1016 475 1134 518 parte
1155 464 1434 517 configeban-.

93 535 183 563 tur:
213 535 320 566 nec,
353 520 454 574 quid
474 531 668 573 agerent,
697 521 759 559 ira
782 531 822 559 et
841 533 995 574 pavore
1015 523 1241 561 occaecatis
1260 522 1432 569 animis,¹

91 582 351 621 cernebant:
383 590 422 618 et
443 590 565 617 erant
585 578 841 631 deprehensi
860 593 1017 631 genere
1037 593 1218 633 pugnae,
1243 580 1292 618 in
1316 578 1429 633 quod

92 639 274 679 minime
295 638 382 691 apti
403 637 511 675 sunt.
573 637 681 675 Nam
714 635 1070 689 quemadmodum
1102 638 1316 686 cominus,
1357 637 1430 676 ubi

92 697 283 738 invicem
306 696 393 749 pati
414 706 454 734 et
483 693 649 733 inferre
673 696 849 733 vulnera
869 695 990 745 licet,
1025 695 1219 734 accendit
1247 697 1310 735 ira
1341 695 1430 734 ani-

92 769 185 796 mos
217 764 392 803 eorum3
415 754 494 802 ita,
527 753 599 792 ubi
628 765 680 791 ex
711 754 873 791 occulto
904 763 944 792 et
971 755 1119 807 procul
1148 753 1308 793 levibus
1336 753 1430 799 telis

92 815 392 860 vulnerantur,
418 825 513 860 nee,
537 825 618 864 quo
634 821 761 849 ruant
778 824 902 850 cacco
923 812 1099 865 impetu,
1122 812 1296 860 habent,
1318 811 1432 851 velut

91 871 210 912 ferae
238 869 467 908 transfixae
494 869 543 908 in
573 868 664 908 suos
694 879 853 907 temere
883 869 1123 908 incurrunt.
1193 869 1432 923 Detegebat

92 931 273 970 vulnera
294 940 438 966 eorum
451 956 461 975 ,
494 925 607 980 quod
630 925 736 965 nudi
756 937 964 980 pugnant,
995 938 1036 966 et
1053 926 1149 966 sunt
1167 925 1256 967 fusa
1276 937 1317 965 et
1332 939 1431 966 can-

93 986 195 1027 dida
216 998 415 1038 corpora,
447 994 492 1022 ut
510 997 618 1036 quae
637 997 873 1037 nunquam,
905 984 984 1023 nifi
1005 985 1055 1023 in
1071 980 1232 1039 pugna,
1262 985 1429 1024 nuden-

93 1056 184 1084 tur:
216 1044 274 1082 ita
289 1053 343 1082 ἐἰ
373 1043 465 1095 plus
495 1041 712 1094 sanguinis
733 1055 755 1080 e
776 1042 1056 1080 multacarne
1075 1040 1359 1090 fundebatur,
1390 1050 1432 1080 et

95 1100 307 1142 foediores
326 1100 528 1153 patebant
543 1101 703 1153 plagae,
725 1110 766 1138 et
787 1099 950 1137 candor
961 1098 1189 1153 corporum
1200 1101 1329 1154 magis
1340 1098 1432 1140 san·

95 1161 224 1215 guine
246 1169 337 1197 atro
358 1158 656 1196 maculabatur.
719 1156 800 1196 Sed
821 1171 914 1196 non
935 1167 1019 1195 tam
1042 1159 1283 1211 patentibus
1302 1157 1432 1211 plagis

93 1217 338 1258 moventur.
398 1215 616 1254 interdum
637 1214 795 1254 insecta
817 1225 925 1262 cute,
954 1215 1026 1254 ubi
1046 1216 1195 1265 latior,
1228 1229 1353 1269 quam
1379 1215 1434 1254 al-

98 1277 202 1323 tior,
252 1274 375 1328 plaga
414 1270 494 1321 est,
547 1274 671 1311 etiam
711 1272 925 1326 gloriosius
963 1272 1006 1311 se
1037 1287 1230 1327 pugnare
1270 1283 1434 1328 putant.

98 1333 235 1372 Iidem
248 1361 260 1380 ‚
292 1345 389 1369 cum
407 1331 572 1370 aculeus
595 1329 764 1383 sagittae
784 1341 854 1368 aut
873 1329 1062 1383 glandis,
1095 1330 1260 1370 abditae
1278 1332 1435 1371 intror-

99 1391 187 1439 sus,
219 1389 340 1430 tenui
362 1389 543 1429 vulnere
566 1389 615 1427 in
635 1388 817 1441 speciem
840 1389 945 1437 urit,
974 1398 1016 1426 et
1037 1387 1292 1438 scrutantes,
1329 1402 1436 1442 quae

101 1449 284 1496 vellant,
314 1447 443 1485 telum
465 1459 558 1484 non
581 1445 788 1497 sequiturt,
816 1456 927 1494 tum,
966 1446 1017 1484 in
1040 1447 1208 1485 ¹rabiem
1238 1457 1279 1485 et
1304 1445 1434 1500 pudo-

102 1521 196 1546 rem
217 1512 303 1544 'tam
321 1517 474 1558 parvae
494 1503 741 1556 perimentis
762 1502 885 1556 pestis
907 1502 1012 1542 versl
1026 1532 1037 1551 ,
1074 1503 1327 1559 posternunt
1346 1518 1433 1543 cor-

102 1577 208 1620 pora
231 1562 376 1611 humi,
407 1560 462 1599 sic
483 1571 528 1599 ut
550 1560 698 1614 passim
718 1563 1063 1614 procumberent.
1120 1560 1230 1611 Alii,
1260 1573 1434 1601 ruentes

103 1624 153 1663 in
174 1619 348 1668 hostem,
377 1617 567 1672 undique
587 1619 927 1672 configebantur}
959 1629 1010 1667 et,
1042 1633 1136 1668 curn
1156 1620 1349 1660 eominus
1367 1633 1435 1660 ve-

103 1689 277 1729 nerant,
308 1676 455 1731 gladiis
477 1690 500 1714 a
519 1677 712 1715 velitibus
731 1676 1064 1714 trucidabantur.
1118 1677 1205 1724 „Hic
1227 1678 1348 1717 miles
1366 1678 1436 1717 tri-r

103 1737 302 1793 pedalem
325 1748 515 1788 parmam
542 1734 681 1783 habet,
704 1745 744 1772 et
762 1736 810 1772 in
824 1734 972 1773 dextra
992 1733 1140 1785 hastas,
1164 1736 1313 1788 quibus
1336 1735 1435 1775 emi-

105 1808 188 1836 nus
209 1794 349 1832 utitur.
385 1791 524 1846 gladio
556 1790 825 1845 Hispaniensi
854 1791 910 1830 est
938 1793 1111 1831 cinctus.
1148 1791 1261 1846 quod
1279 1792 1308 1832 fi
1328 1792 1437 1846 pede

106 1853 256 1894 collato
276 1849 556 1904 pugnandum
582 1849 651 1898 est,
675 1850 885 1888 translatis
904 1850 951 1888 in
970 1851 1129 1889 laevam
1152 1848 1291 1899 hastis,
1316 1847 1445 1889 strin't

107 1912 165 1966 git
185 1908 383 1963 gladium.
443 1908 565 1946 Pauci
586 1907 833 1960 supererant
854 1908 934 1960 jam
955 1906 1190 1962 Gallorum,
1221 1908 1304 1961 qui,
1329 1907 1436 1961 post·
1494 1903 1505 1907 χ

107 1981 234 2022 quam
257 1968 310 2005 ab
332 1965 416 2005 levi
442 1976 652 2005 armatura
675 1965 885 2017 superatos
902 1964 942 2003 se
967 1964 1190 2014 viderunt,
1220 1975 1264 2004 et
1278 1964 1437 2004 instare

107 2026 326 2079 legionum
345 2022 483 2076 signa,
515 2021 646 2071 effusa
673 2021 768 2075 fuga
796 2022 926 2060 castra
946 2033 1166 2077 repetunt,
1206 2022 1376 2076 pavoris
1398 2031 1439 2060 et

109 2083 310 2122 tumultus
331 2081 414 2133 jam
434 2081 583 2134 plena:
616 2090 660 2117 ut
680 2081 749 2118 ubi
770 2079 956 2118 feminae
970 2110 981 2129 ,
1022 2081 1249 2133 puerique,
1283 2090 1326 2118 et
1356 2080 1438 2118 alia

50 2166 53 2167 ν
109 2141 299 2193 imbellis
311 2141 431 2177 turba
454 2139 664 2191 permixta
683 2137 795 2176 esset.
856 2139 1073 2177 Romanos
1093 2139 1268 2189 victores
1287 2135 1438 2177 deserti

111 2196 206 2251 suga
223 2194 404 2236 hostium
424 2206 680 2250 acceperunt
701 2195 863 2234 tumuli.

221 2312 353 2366 ΧΞΧΙῙἵ
375 2335 377 2337 ·
414 2311 495 2356 Sub
515 2310 631 2351 idem
665 2314 828 2364 tenipus
857 2311 900 2349 L.
924 2309 1107 2349 Manlius
1127 2319 1168 2348 et
1186 2311 1230 2348 C.
1253 2309 1439 2360 Helvius,

111 2379 232 2420 cum,
264 2364 401 2423 quoad
420 2371 529 2409 viam
551 2370 677 2408 colles
699 2369 858 2421 obliqui
879 2367 1113 2415 dederunt,
1145 2366 1447 2413 escendisfent,²

111 2427 330 2482 postquam
362 2427 415 2466 ad
444 2428 562 2466 invia
585 2437 758 2467 ventum
786 2425 865 2474 est,
904 2425 1058 2464 flexere
1086 2425 1166 2463 iter
1196 2425 1244 2463 in
1274 2435 1439 2478 partem

111 2486 294 2535 montis,
321 2499 427 2538 quae
446 2498 534 2532 una
552 2484 731 2525 habebat
749 2484 853 2534 iter-3
883 2492 924 2522 et
942 2481 1057 2536 sequi
1074 2481 1255 2522 consulis
1275 2494 1439 2536 agmen,

1354 2552 1439 2577 mo-
