1548 2703
363 83 397 124 L
418 84 439 122 1
461 51 616 133 Biia
653 80 780 121 xm.
841 81 953 121 cm.
978 81 1011 120 1.
1037 81 1090 123 η,
1284 74 1396 135 ‘509

286 154 338 192 U.
362 154 407 192 C.
430 160 526 206 579.
878 165 912 189 a.
937 152 976 190 C.
1002 150 1054 189 N.
1082 155 1174 201 173.

63 231 279 271 consulem
301 231 354 270 ad
375 246 518 286 agrum
539 232 753 285 publicum
777 244 800 269 a
818 232 982 284 privato
1003 229 1321 269 terminandum
1345 231 1395 269 in.

65 289 341 342 Campaniam
356 290 441 339 iret,
466 289 580 342 cujus
599 290 816 342 ingentem
841 287 1011 326 modum
1032 287 1238 340 poslidere
1259 288 1394 341 priva-

63 355 148 395 tos,
179 348 379 400 paulatim
405 345 666 401 proferendo
686 346 813 394 fines,
844 344 1070 384 constabat.
1132 346 1233 393 Hic,
1265 347 1395 384 iratus

2 424 11 429 κ
65 403 364 453 Praenestinis,
396 403 542 457 quodq
560 418 655 442 eum
677 417 726 442 eo
749 404 933 456 privatus
957 401 1145 441 sacrificii
1166 403 1214 441 in
1235 403 1394 455 templo

65 461 279 501 Fortunae
298 460 487 500 faciundi
507 460 626 500 causa
644 459 855 514 profectus
878 459 990 508 esset,
1014 461 1120 498 nihil
1142 461 1191 498 in
1207 458 1248 497 se
1259 460 1394 498 hono-

66 519 207 569 rifice,
239 532 378 572 neque
401 519 591 573 publice,
623 532 762 571 neque
791 519 1013 572 privatim,
1045 515 1200 555 factum
1233 530 1257 554 a
1280 518 1395 555 Prae-

66 573 245 616 nestinis
265 574 377 624 esset,
398 576 639 630 priusquam
657 578 714 617 aab
735 577 872 614 Roma
892 574 1233 629 proficisceretur,
1251 575 1394 613 literas

67 633 288 674 Praeneste
308 632 430 684 misit,
451 644 496 674 ut
516 633 590 673 fibi
610 632 866 687 magistratus
888 633 1224 680 obviam2.exiret,
1255 632 1397 670 locum

66 692 236 748 publice
256 702 436 745 pararet,
465 691 537 730 ubi
556 690 853 740 diverteretur,·
873 691 1157 744 jumentaque,
1189 704 1286 728 cum
1310 689 1397 727 exi-

67 762 135 790 ret
153 749 271 798 inde,
292 747 453 802 praesto
472 748 618 790 essent.
668 747 781 787 Ante
801 745 917 786 hunc
934 747 1148 786 consulem
1167 759 1297 786 nemo
1317 758 1396 783 un-

68 822 193 863 quam
223 806 339 846 sociis
367 807 416 845 in
439 807 523 845 ulla
551 820 598 844 re
626 806 751 844 oneri
773 816 843 844 aut
863 805 1013 844 sumtui
1032 805 1122 844 fuit.
1183 804 1280 844 ideo
1310 814 1396 842 ma-

66 866 256 920 gistratus
279 863 403 903 mulis
424 864 798 916 tabernaculisque,
821 874 861 901 et
877 866 997 903 omni
1011 864 1090 902 alio
1111 862 1396 902 instrumento

67 923 241 963 militari
263 923 541 970 ornabantur,
565 934 623 960 ne
645 920 745 973 quid
769 921 848 959 tale
865 918 1131 974 >imperarent
1152 920 1281 959 sociis.
1312 918 1396 973 pri-

68 991 163 1022 vata
181 978 358 1033 hospitia
378 978 615 1028 habebant3
642 992 690 1017 ea
705 979 889 1032 benigne
910 980 1165 1031 comiterque
1178 979 1397 1016 colebant:

67 1038 300 1090 domusque
321 1050 463 1075 eorum
485 1038 645 1075 Romae
667 1035 894 1089 hospitibus
916 1037 1136 1090 patebant,
1162 1035 1273 1088 apud
1298 1046 1401 1087 quos

68 1095 166 1151 ipfis
187 1095 338 1134 diverti
360 1108 450 1132 mos
468 1093 579 1132 esset.
640 1094 804 1147 Legati,
846 1095 916 1147 qui
936 1104 1114 1147 repente
1147 1094 1285 1145 aliquo
1305 1092 1399 1129 mit-

70 1164 285 1200 terentur,
321 1150 480 1205 lingula
499 1152 686 1205 jumenta
707 1164 783 1204 per
802 1149 979 1204 oppida,
1018 1152 1098 1189 iter
1128 1165 1209 1203 qua
1237 1148 1398 1187 faciun-

71 1211 172 1251 dum
201 1220 311 1258 erat,
344 1210 635 1262 imperabant:
676 1209 800 1261 aliam
829 1207 1067 1262 impensam
1086 1207 1185 1246 socii
1204 1207 1253 1245 in
1273 1207 1401 1259 magi-

71 1270 219 1308 stratus
244 1268 461 1306 Romanos
480 1280 572 1305 non
586 1265 808 1304 faciebant.
849 1267 1009 1318 Injuria
1023 1263 1217 1313 consulis,
1242 1262 1401 1302 etiamst

71 1326 196 1382 justa,
227 1338 320 1363 non
340 1335 486 1365 tamen.
507 1325 555 1363 in
576 1322 814 1376 magistratu
837 1322 1097 1371 exercenda,
1126 1333 1166 1361 et
1184 1321 1399 1360 silentium

71 1385 199 1423 nimis
221 1393 290 1420 aut
310 1380 566 1430 modestum,
599 1391 668 1418 aut
688 1380 880 1419 timidum
904 1379 1292 1427 Praenestinorum,
1325 1379 1402 1432 jus,

72 1442 186 1481 velut
208 1440 383 1493 probato
405 1440 621 1493 exemplo,
656 1437 956 1490 magistratibus
971 1436 1072 1477 fecit
1090 1439 1331 1493 graviorum
1350 1437 1402 1475 in.

74 1497 163 1538 dies
182 1498 273 1537 talis
298 1499 469 1550 generis
489 1496 780 1551 imperiorum.

188 1614 242 1652 11.
303 1610 659 1665 Principioshujus
679 1612 788 1651 anni
806 1611 942 1665 legati,
972 1611 1043 1664 qui
1062 1611 1111 1650 in
1133 1611 1342 1652 Aetoliam
1361 1621 1405 1651 et

73 1670 372 1714 Macedoniam
392 1668 500 1707 missi
521 1681 667 1719 erant,
701 1670 1030 1717 renuntiarunt,
1055 1666 1129 1715 fibi
1156 1669 1406 1709 conveniendi

76 1734 179 1785 regis
213 1727 367 1780 Persei,
398 1739 480 1765 cum
508 1725 573 1764 alii
600 1724 714 1778 abesse
746 1741 849 1775 eum,
888 1725 956 1766 alii
985 1739 1146 1780 aegrum
1176 1726 1266 1780 effe,
1298 1725 1406 1781 fitlso

75 1798 310 1838 utrumque,
346 1787 570 1838 fingerent,
610 1782 833 1836 potestatem
863 1797 939 1822 non
961 1783 1123 1835 fictam.
1193 1783 1317 1823 Facile
1345 1797 1406 1823 ta-

74 1858 156 1885 men
185 1841 404 1896 apparuaffe
425 1838 526 1889 fibi,
581 1839 715 1881 bellum
745 1844 907 1893 parari,
965 1854 1030 1880 nec
1070 1841 1176 1881 ultra
1213 1841 1264 1881 aot
1299 1855 1408 1881 arma

77 1905 137 1943 ire
162 1900 391 1940 dilaturum.
450 1896 544 1936 Item
574 1901 614 1937 in
644 1898 798 1938 Aetolia
815 1898 1047 1952 seditionem
1071 1899 1229 1954 gliscere
1250 1901 1290 1938 in
1313 1898 1407 1948 dies,

77 1972 198 2012 neque
219 1957 504 1996 discordzarum
526 1957 728 2007 principes
754 1958 989 1996 auctoritate
1001 1956 1076 2010 sua
1103 1958 1274 1996 coerceri
1291 1968 1409 2009 potu-

78 2016 132 2069 iff
147 2045 157 2056 .
218 2017 322 2053 Cum
347 2013 500 2052 bellum
520 2013 843 2053 Macedonicum
870 2014 919 2052 in
951 2013 1260 2066 exspectatione
1290 2013 1406 2062 esset,

78 2075 323 2128 priusquam
341 2071 394 2109 id'
407 2069 708 2123 susciperetur,
750 2071 939 2125 prodigia
959 2072 1143 2125 expiari,
1177 2085 1408 2125 pacemque

79 2131 223 2171 Deum
243 2130 329 2184 peti.
349 2128 683 2182 precationibus,
714 2142 819 2182 quae
840 2128 976 2168 editae
1000 2142 1053 2168 ex
1081 2129 1271 2168 fatalibus
1290 2129 1409 2168 libris

83 2188 238 2237 essent,
269 2187 435 2241 placuit.
496 2187 674 2225 Lanuvii
695 2185 826 2226 classis
846 2200 1023 2240 magnae
1043 2185 1198 2240 species
1223 2187 1272 2226 in
1291 2187 1410 2225 coelo

81 2245 192 2286 visae
215 2245 487 2292 dicebantur3
515 2253 556 2281 et
578 2243 771 2283 Priverni
798 2244 897 2282 lana
919 2245 1034 2298 pulla
1056 2256 1169 2283 terra
1188 2254 1337 2293 enata3
1368 2254 1410 2282 et

82 2303 317 2357 inXVejenti
334 2300 445 2354 apud
457 2300 712 2340 Rementem
725 2300 978 2355 lapidatum;
997 2302 1267 2356 Pomptinum
1281 2315 1411 2340 omne

84 2359 198 2400 velut
234 2359 416 2398 nubibus
455 2357 705 2397 locustarum
735 2369 977 2413 coopertum
1009 2358 1118 2413 esse3
1165 2361 1214 2399 in
1243 2359 1410 2399 Gallico

84 2430 205 2470 agro,
235 2431 315 2470 qua
338 2415 612 2463 induceretur
635 2426 841 2466 aratrum,
870 2415 944 2455 sub
976 2417 1261 2456 exsistentibus
1278 2416 1411 2469 glebis

84 2473 214 2530 pisces
233 2472 452 2516 emersisse.
512 2474 579 2520 ob
596 2472 709 2530 ‘haec
726 2473 915 2536 prodigia
933 2473 1034 2520 libri
1054 2474 1200 2517 fatales
1216 2473 1410 2527 inspecti,

1233 2530 1411 2577 editum:
