1548 2703
157 68 244 114 306
302 65 508 107 LIBER
539 66 746 108 XXXVII.
806 68 918 106 (ἷκε.
947 67 1150 107 XLVIII.
1168 67 1308 119 XLIX.
1337 67 1385 106 L.

158 121 1485 135 *mm—w*

162 227 357 272 praetore
378 232 430 256 ex
448 216 612 256 Aetolia
633 216 772 256 missos
795 215 889 256 esse.
939 216 1127 256 Subtexit
1146 215 1303 255 deinde
1324 188 1490 255 fabulae

162 274 284 324 huic,
323 275 476 328 legatos
499 274 666 314 Aetolos
691 275 741 314 in
762 273 939 312 senatu
928 285 1044 313 inter
1061 284 1199 312 cetera
1223 273 1305 312 hoc
1325 280 1489 326 quoque

166 332 445 386 interrogatos
470 332 573 372 esse:
602 331 719 375 unde
738 330 961 381 audissent,
979 333 1252 385 imperatores
1273 332 1488 370 Romanos

161 389 213 431 in
234 387 329 429 Asia
358 393 498 444 capros
518 391 570 428 ab
593 389 804 429 Antiocho
827 402 946 442 rege,
977 400 1018 429 et
1039 386 1270 427 exercitum
1302 387 1487 427 deletum

165 445 274 487 esset
310 445 481 487 Aetolos
510 446 793 501 respondisse,
831 449 882 485 ab
912 445 992 486 suis
1022 447 1165 500 legatis
1188 445 1253 496 se,
1293 447 1364 499 qui
1391 460 1487 484 cum

163 503 335 544 consule
368 504 551 554 fuerint,
591 506 791 544 certiores
819 503 962 554 factos.
1017 504 1216 544 Rumoris
1244 503 1367 556 hujus
1392 503 1489 557 quia

163 562 387 601 neminem
420 563 547 602 alium
578 573 791 602 auctorem
819 561 974 612 habeo,
1015 575 1153 614 neque
1185 560 1390 600 affirmata
1420 573 1486 601 res

162 633 258 660 mea
279 620 485 674 opinione
503 619 574 670 fit,
605 634 688 659 nec
714 634 792 674 pro
813 633 921 659 vana
940 617 1241 674 praetermissa.

280 734 415 773 XLIX.
472 730 611 772 Aetoli
630 732 752 786 legati
770 734 819 773 in
838 733 1030 773 [enatum
1048 730 1302 777 introducti»,
1331 744 1424 770 cum
1443 731 1487 770 et

163 791 286 827 causa
310 803 380 829 eos
409 788 480 828 sua
509 801 550 829 et
577 789 748 829 fortuna
768 792 1037 838 hortaretur,
1070 801 1116 828 ut
1138 787 1381 828 confitendo
1414 786 1486 826 seu

161 846 257 885 suae
279 847 439 900 culpae,
460 846 531 885 seu
553 848 688 886 errori
707 849 875 887 veniam
897 858 1093 902 peterent
1106 846 1335 901 supplices3
1364 844 1442 884 orfi
1459 858 1486 883 a
1535 868 1543 873 -

159 904 378 947 beneficiis
399 904 448 942 in
470 905 670 957 populum
695 905 963 952 Romanum,
993 916 1035 945 et
1062 917 1196 958 prope
1227 903 1485 958 exprobran-

161 971 222 1000 tes
242 962 437 1000 virtutem
463 960 574 999 suam
596 962 645 1000 in
673 961 854 1016 Philippi
883 963 1015 1013 bello,
1054 973 1096 1002 et
1115 959 1395 1000 offenderunt
1415 972 1485 998 au-

160 1031 227 1057 res
248 1018 474 1057 insolentia
494 1018 721 1068 sermonis,
755 1030 794 1059 et
813 1034 863 1059 eo
875 1050 886 1068 ‚
918 1031 1059 1059 vetera
1075 1031 1114 1058 et
1129 1019 1348 1059 obliterata
1365 1030 1485 1071 repe7

160 1074 312 1125 tendo,
343 1089 435 1115 rem
456 1074 746 1126 adduxerunt,
783 1088 829 1115 ut
857 1077 970 1116 haud
986 1078 1120 1131 {paulo
1144 1077 1328 1129 plurium
1357 1075 1482 1114 male-

158 1133 350 1172 ficiorum
379 1133 539 1187 gentis,
576 1148 701 1187 quam
730 1135 1055 1183 beneficiorum,
1092 1134 1297 1172 memoria
1324 1131 1482 1171 subiret

159 1191 327 1230 animos
348 1192 525 1240 Petrum,
561 1201 613 1240 et,
645 1192 792 1244 quibus
813 1192 1097 1236 misericordia
1119 1204 1222 1245 opus
1241 1200 1343 1240 erat,
1370 1190 1481 1229 iram

158 1258 200 1286 et
219 1247 362 1286 odium
382 1249 611 1287 irritarent.
670 1249 920 1303 Interrogati
949 1253 1000 1288 ab
1029 1264 1116 1289 uno
1144 1249 1356 1297 senatore,
1386 1259 1485 1302 per-

115 1335 118 1336 r
158 1306 407 1344 mitterentne
439 1304 647 1346 arbitrium
675 1307 782 1360 dese
812 1306 960 1360 populo
993 1307 1196 1347 Romano?
1237 1304 1394 1345 deinde
1425 1304 1479 1342 ab

156 1362 312 1412 altero,
345 1360 567 1402 habiturine
588 1362 757 1412 eosdem,
789 1377 886 1416 quos
914 1364 1084 1417 populus
1110 1364 1329 1411 Romanus,
1351 1361 1478 1416 socios

159 1431 197 1458 et
216 1417 337 1472 lzostes
358 1419 490 1472 effent.
488 1420 506 1448 ³
539 1420 646 1459 nihil
668 1420 719 1459 ad
742 1436 788 1460 ea
810 1421 1133 1475 respondentes,
1158 1419 1298 1476 egredi
1317 1419 1477 1473 templo

156 1476 247 1531 jussi
275 1476 386 1519 sunt.
443 1479 757 1517 Conclaxnatum
781 1479 936 1519 deinde
958 1494 1091 1534 prope
1114 1481 1166 1517 ab
1181 1453 1389 1517 ²³universo
1419 1475 1476 1514 se-

142 1544 260 1573 ›natu
282 1534 361 1584 est,
409 1533 526 1575 Totos
551 1533 675 1575 adhuc
695 1534 875 1576 Antiochi
906 1536 1064 1576 Aetolos
1094 1535 1184 1588 effe,
1217 1547 1254 1574 et
1281 1537 1332 1573 ‘ex
1363 1535 1475 1572 unica

154 1605 195 1636 ea
208 1591 282 1644 spo
300 1592 470 1645 pendere
490 1597 630 1633 animos
649 1606 794 1633 eorum.
852 1592 946 1646 Itaq
943 1608 983 1632 ιε
1002 1593 1137 1633 bellum
1166 1606 1249 1632 cum
1277 1589 1384 1630 haud
1402 1588 1473 1629 du·

150 1647 227 1687 hiis
263 1646 430 1698 hostibus
467 1649 701 1705 gerendum,
758 1650 1114 1705 perdomandosque
1144 1650 1299 1700 feroces
1331 1650 1476 1687 animos

151 1705 236 1764 effi.
295 1707 431 1745 Etiam
463 1709 536 1746 illa
562 1722 629 1746 res
658 1707 871 1757 accendit,
914 1708 1025 1762 quod
1062 1724 1110 1748 eo
1147 1706 1234 1763 ipso
1266 1717 1469 1760 tempore,

148 1777 232 1816 quo
252 1773 399 1829 pacem
425 1766 476 1803 ab
499 1765 704 1805 Romanis
726 1767 943 1818 petebant,
973 1766 1179 1819 Dolopiae
1202 1775 1324 1817 atque
1340 1762 1469 1802 Atha-

145 1822 317 1861 maniae
339 1823 492 1860 bellum
512 1821 769 1862 inserebant.
795 1822 1233 1863 Senatusconsultum
1221 1836 1270 1860 ln
1289 1822 1358 1861 Μ’.
1371 1818 1469 1859 Aci·

143 1877 189 1916 lii
210 1877 460 1918 sententiam
475 1909 485 1929 ‚
518 1880 587 1932 qui
608 1879 866 1919 Antiochum
887 1880 1136 1934 Aetolosque
1156 1879 1380 1927 devicerat,
1408 1875 1468 1916 fa-

144 1946 259 1974 ctum
281 1930 360 1986 est,
401 1936 452 1975 Ut
473 1938 603 1976 Aetoli
623 1951 664 1979 eo
686 1938 747 1976 die
758 1938 1000 1992 juberentur
1017 1935 1212 1991 proficisci
1228 1935 1274 1975 ab
1293 1934 1399 1986 urbe,
1426 1945 1465 1973 et
1497 1970 1502 1974 ,
1547 1968 1548 1978 ,

143 1994 253 2032 intra
270 1994 634 2046 quintumdecimum
663 1993 761 2034 diem
782 1994 900 2034 Italia
925 1994 1118 2035 excedere.
1177 1993 1217 2034 A
1237 1993 1466 2032 Terentius
1504 2027 1508 2029 .
1547 2037 1548 2048 ἵ

140 2049 277 2089 Varro
306 2051 360 2090 ad
389 2050 709 2090 custodiendum
744 2054 826 2091 iter
864 2066 1008 2092 eorum
1037 2052 1198 2101 missus,
1239 2050 1463 2089 denuntia-

138 2116 333 2160 tumque,
393 2108 436 2148 Si
465 2121 543 2161 qua
575 2108 709 2148 deinde
741 2109 883 2164 legatio
914 2124 963 2148 ex
986 2108 1156 2158 Aetolis,
1188 2106 1258 2155 nisi
1276 2105 1461 2159 permiffu

136 2165 418 2216 imperatoris,
448 2168 519 2217 qui
549 2180 624 2205 eam
654 2169 895 2218 provinciam
915 2167 1124 2216 obtineret,
1163 2178 1200 2204 et
1227 2177 1310 2203 cum
1333 2164 1458 2219 legato

136 2218 325 2267 Romano,
386 2223 544 2275 veniffet
574 2223 750 2274 Romam,
806 2237 882 2277 pro
919 2221 1085 2275 hostibus
1123 2236 1244 2264 omnes
1275 2221 1462 2275 futuros.

135 2276 198 2317 Ita
231 2279 396 2320 dimissa
425 2279 606 2320 Aetolis

247 2394 292 2432 L.
349 2393 419 2434 De
439 2395 670 2447 provinciis
691 2393 850 2434 deinde
869 2393 1059 2435 eonsules
1084 2395 1346 2434 retulerunt.
1376 2390 1457 2430 sor·

127 2449 199 2490 tiri
233 2463 302 2491 eos
338 2451 550 2493 Aetoliam
579 2463 621 2494 et
649 2451 791 2509 Afiam
819 2453 987 2508 placuit.
1021 2451 1093 2510 qui
1120 2450 1262 2493 Afiam‘
1290 2449 1456 2545 sorfltus

1337 2520 1361 2548 e
1399 2516 1451 2563 et,
1499 2520 1503 2521 ⁷
