1548 2703
249 145 262 151 ,-
300 146 320 159 ὁ
343 69 385 133 ’Ῑι
417 95 435 147 Ι,
468 89 501 132 Β
531 91 567 133 Ε
594 88 653 143 R.
675 92 818 155 xxxi.
878 92 987 132 cn.
1010 91 1190 132 XXXIX.
1358 93 1416 135 35

586 212 1196 226 *ἡὴ-*ψ’
1201 210 1401 221 -ῌ--Ω

211 244 390 283 XXXIX.
450 242 610 294 Corpus
634 243 712 293 jam
738 246 907 278 curabat
927 238 1084 288 consul,
1114 255 1222 287 cum,
1255 239 1413 279 venisse

96 301 424 346 caduceatorem,
455 309 496 336 et
519 297 617 351 quid
641 297 830 344 venisset,
854 297 1092 336 nuntiatum
1115 296 1183 335 est.
1215 294 1412 350 responso

95 369 256 398 tantum
279 356 387 405 dato,
407 368 535 394 mane
558 352 720 407 postero
741 354 806 393 die
821 353 910 393 fore
923 354 1083 407 copiam
1108 353 1411 402 conveniendi,

94 416 140 456 id
159 413 266 468 quod
288 412 510 466 quaesitum
532 421 619 449 erat
632 440 642 458 ,
673 424 762 450 nox
781 410 945 464 dieique
964 409 1224 463 insequentis
1243 424 1340 463 pars
1359 410 1413 449 ad

94 469 439 527 praecipiendum
470 469 550 506 iter
581 468 771 522 Philippo
801 468 896 506 data
930 465 1000 506 est.
1056 476 1249 516 montes,
1287 480 1412 519 quam

95 531 203 570 viam
235 542 325 565 non
355 524 629 578 ingressurum
661 525 774 577 gravi.
799 523 964 578 agmine
994 525 1282 562 Romanorum
1316 523 1412 564 scie·

94 588 186 635 bat,
217 584 330 637 petit.
392 580 569 630 Consul,
603 582 737 635 prima
759 582 851 620 luce
872 580 1142 633 caduceatore
1163 580 1267 620 datis
1288 579 1411 620 indu·

95 644 166 683 ciis
188 639 377 689 dimisso,
406 638 518 677 haud
542 639 597 677 ita
618 640 748 678 multo
773 638 861 692 post
878 638 1004 677 abisse
1025 635 1182 677 hostem
1205 651 1299 676 cum
1322 636 1412 678 sen·

96 700 227 748 sisset,
267 696 434 751 ignarus
465 709 544 749 qua
564 696 828 749 sequeretur,
863 695 1011 736 iisdem
1040 692 1190 735 stativis
1221 694 1413 735 frumen-

94 755 224 796 tando
254 754 340 793 dies
367 755 522 806 aliquot
551 751 782 792 eonsumfit.
849 753 1066 792 Stuberam
1104 747 1262 792 deinde
1293 753 1410 807 petit,

94 824 214 866 atquc
235 811 525 864 ex‘Pelagonia
560 822 815 879 cumcntum,
849 809 959 862 quod
982 811 1031 848 in
1053 811 1159 864 agris
1181 822 1282 858 erat,
1314 823 1413 849 con·

94 871 218 911 vexit.
277 867 381 907 inde
402 865 455 906 ad
477 857 691 906 Pffffiwmam
716 866 772 906 est
793 864 1048 920 progressus,
1079 866 1272 906 nondum
1303 880 1412 906 com·

93 937 226 983 perto,
257 940 378 979 quam
400 926 616 978 regionem
638 923 771 963 hostes
792 922 998 976 petissent.
1060 925 1285 978 Philippus,
1315 937 1412 964 cum

93 986 229 1039 primo
259 982 313 1022 ad
345 982 577 1033 Bryanium
604 981 744 1020 stativa
776 980 1002 1030 habuisset,
1058 981 1271 1035 profectus
1305 980 1412 1022 inde

92 1040 333 1081 transverlis
359 1040 580 1088 limitibus,
643 1051 828 1077 errorem
863 1039 1052 1090 praebuit
1083 1038 1260 1077 subitum
1291 1037 1410 1079 horti.

92 1101 263 1140 Movere
293 1098 430 1150 itaque
459 1109 511 1134 ex
542 1049 713 1134 Pfiil-si‘ina
745 1095 948 1143 Romani,
1005 1106 1046 1133 et
1078 1095 1131 1133 ad
1170 1097 1412 1150 Osphagum

93 1157 252 1195 flumen
269 1154 496 1207 posuerunt
514 1152 657 1191 castra.
715 1154 807 1190 Rex
827 1151 937 1190 haud
962 1154 1104 1205 procul
1128 1152 1231 1192 inde
1253 1152 1409 1207 etipse,

94 1214 202 1253 vallo
225 1211 347 1265 super
368 1212 501 1263 ripam
522 1210 659 1248 amnis
679 1208 825 1257 ducto,
865 1209 1116 1262 (Erigonum
1149 1210 1313 1249 incolae
1345 1226 1410 1250 vo·

93 1267 212 1320 cant)
234 1267 432 1307 consedit.
494 1266 601 1305 Inde
619 1266 713 1304 satis
734 1277 969 1319 comperto,
1008 1265 1241 1306 Eordaeam
1262 1269 1410 1321 petitu-

91 1341 158 1366 ros
186 1328 428 1372 Romanos,
481 1322 534 1362 ad
564 1323 827 1376 occupandas
858 1322 1082 1376 angustias,
1125 1320 1183 1362 nse
1212 1323 1411 1378 superare

91 1382 225 1424 hostes
247 1383 370 1421 arctis
388 1378 573 1419 faucibus
589 1379 793 1419 inclusum
805 1379 961 1419 aditum
975 1379 1151 1434 possent,
1175 1382 1406 1435 praecesfit.

90 1442 148 1480 ibi
174 1441 255 1479 alia
284 1440 414 1488 vallo,
447 1439 524 1476 alia
546 1437 670 1486 fossa,
703 1439 781 1476 alia
804 1437 988 1492 lapidum
1015 1440 1235 1492 congerie,
1266 1450 1310 1478 ut
1328 1454 1408 1494 pro

90 1496 386 1549 muro‘essenss
417 1497 496 1534 alia
517 1496 731 1534 arboribus
761 1495 948 1548 objectis,
982 1495 1038 1534 ita
1067 1506 1111 1533 ut
1137 1497 1247 1535 locus
1275 1497 1408 1550 postu-

90 1556 222 1604 labat,
265 1565 334 1591 aut
364 1553 536 1591 materia
559 1551 866 1605 suppeditabat,
908 1553 1160 1605 permuniit3
1192 1564 1314 1606 atque
1344 1557 1408 1603 (ut

91 1612 176 1667 ipse
199 1609 384 1659 rebatur)
405 1610 510 1649 viam
534 1609 673 1662 [ὤμω
696 1622 844 1647 natura
867 1608 1080 1648 difficilem
1095 1640 1106 1658 ,
1136 1611 1306 1662 objectis
1329 1625 1407 1666 per

92 1682 237 1708 omnes
258 1668 452 1706 transitus
473 1667 680 1720 operibus,
707 1668 1079 1720 inexpugnabilem
1101 1666 1210 1707 fecit.
1269 1668 1408 1708 Erant

93 1727 286 1781 pleraque
313 1723 662 1773 silvestria'c‘irca,
702 1723 972 1762 incommoda
992 1724 1191 1779 phalangi
1222 1726 1407 1766 maxime

91 1782 391 1823 Macedonum:
422 1795 548 1833 quae,
577 1781 656 1820 nili
679 1782 748 1820 ubi
770 1782 1005 1835 praelongis
1026 1781 1148 1821 hastis
1178 1785 1290 1822 velut
1320 1784 1404 1825 val-

92 1841 180 1879 lum
212 1849 309 1878 ante
333 1839 497 1891 clypeos
522 1839 690 1891 objecit,
728 1838 856 1892 (quod
892 1848 934 1876 ut
961 1840 1052 1888 fiat,
1093 1840 1225 1880 libero
1254 1854 1404 1894 campo

91 1910 192 1952 opus
221 1895 298 1945 est)
329 1896 482 1934 nullius
512 1895 735 1934 admodum
765 1895 858 1935 usus
894 1894 962 1935 est.
1022 1897 1217 1947 Thracas,
1239 1911 1404 1952 quoque

89 1954 353 2008 romphaeae,
378 1953 560 2006 ingentis
581 1964 622 1992 et
640 1952 749 2006 ipsae
769 1953 1056 2006 longitudinis,
1087 1952 1403 2009 inter‘objectos

90 2011 276 2064 undique
296 2023 429 2049 ramos
443 2009 739 2063 impediebant.
777 2010 1036 2050 Cretensium
1051 2020 1134 2050 u‘na
1147 2012 1296 2052 cohors
1309 2026 1402 2052 non

89 2069 248 2109 inutilis
264 2078 374 2106 erat:
402 2063 471 2105 sed
492 2080 721 2121 eaquoque
739 2067 824 2120 ipsa
843 2078 909 2117 ut,
949 2067 978 2107 fi
1000 2070 1090 2122 quis
1118 2070 1320 2123 impetum
1342 2069 1401 2109 fa.

88 2135 224 2174 eei-et,
253 2126 300 2164 in
325 2127 542 2178 ‘patentem
576 2126 740 2165 vulneri
769 2140 921 2177 equum
949 2128 1211 2180 equitemque
1239 2125 1399 2181 sagittas

88 2183 484 2236 conjiceresspoterat‚
514 2183 568 2221 ita
589 2181 781 2221 adversus
803 2183 911 2221 scuta
933 2184 1126 2226 Romana
1146 2198 1227 2223 nec
1247 2185 1302 2223 ad
1321 2195 1399 2224 tra-

86 2239 315 2294 jiciendum
336 2238 428 2278 satis
447 2253 642 2293 magnam
664 2241 747 2279 vim
768 2239 967 2289 habebat,
1010 2255 1091 2280 nec
1123 2243 1257 2296 aperti
1284 2241 1401 2295 quid-

88 2299 210 2351 quam
231 2307 339 2346 erat,
367 2295 477 2349 quod
507 2308 677 2350 peteret.
738 2299 877 2350 Itaque
907 2297 951 2336 id
976 2309 1019 2336 ut
1049 2313 1204 2338 vanum
1233 2301 1305 2338 teli
1334 2299 1401 2353 ge-

56 2382 58 2388 *
87 2367 168 2394 nus
190 2353 404 2394 senserunt
422 2354 526 2402 esse,
556 2354 660 2393 saxis
679 2354 821 2407 paslim
845 2365 928 2393 tota
951 2356 1055 2395 valle
1085 2356 1315 2410 jacentibus
1335 2360 1398 2396 in‹

89 2409 492 2451 odiebanthoftem.
551 2425 622 2461 ea,
658 2413 815 2465 majore
845 2422 940 2451 cum
962 2413 1125 2462 «sonitu,
1164 2427 1288 2468 quam
1312 2415 1399 2453 vul-

90 2480 195 2508 nere
210 2469 318 2518 ullo,
342 2467 520 2521 pulsatio
546 2468 752 2522 scutorum
775 2482 1002 2524 parumper
1023 2470 1296 2511 succedentes
1317 2472 1398 2509 Ro-

745 2528 776 2565 C
806 2540 830 2566 2
1247 2541 1399 2566 manos
