<?xml version="1.0" encoding="UTF-8"?>
<!DOCTYPE html PUBLIC "-//W3C//DTD XHTML 1.0 Transitional//EN"
    "http://www.w3.org/TR/xhtml1/DTD/xhtml1-transitional.dtd">
<html xmlns="http://www.w3.org/1999/xhtml" xml:lang="en" lang="en">
 <head>
  <title>
</title>
<meta http-equiv="Content-Type" content="text/html;charset=utf-8" />
  <meta name='ocr-system' content='tesseract 3.04.00' />
  <meta name='ocr-capabilities' content='ocr_page ocr_carea ocr_par ocr_line ocrx_word'/>
</head>
<body>
  <div class='ocr_page' id='page_1' title='image "./historiarumlib03livyuoft_0226.png"; bbox 0 0 1548 2703; ppageno 0'>
   <div class='ocr_carea' id='block_1_1' title="bbox 124 49 1212 171">
    <p class='ocr_par' dir='ltr' id='par_1_1' title="bbox 124 49 1212 171">
     <span class='ocr_line' id='line_1_1' title="bbox 124 49 1212 90; baseline -0.002 0"><span class='ocrx_word' id='word_1_1' title='bbox 124 65 206 90; x_wconf 75' lang='lat'><em>220</em></span> <span class='ocrx_word' id='word_1_2' title='bbox 352 49 561 88; x_wconf 87' lang='lat' dir='ltr'>LIBER</span> <span class='ocrx_word' id='word_1_3' title='bbox 605 49 762 89; x_wconf 87' lang='lat' dir='ltr'>XXXV.</span> <span class='ocrx_word' id='word_1_4' title='bbox 826 51 944 88; x_wconf 56' lang='lat' dir='ltr'><em>Car.</em></span> <span class='ocrx_word' id='word_1_5' title='bbox 985 51 1127 90; x_wconf 84' lang='lat' dir='ltr'>XLIX.</span> <span class='ocrx_word' id='word_1_6' title='bbox 1169 52 1212 90; x_wconf 90' lang='lat' dir='ltr'><em>L.</em></span> 
     </span>
     <span class='ocr_line' id='line_1_2' title="bbox 386 120 1194 171; baseline 0.003 -14"><span class='ocrx_word' id='word_1_7' title='bbox 386 120 437 157; x_wconf 90' lang='lat' dir='ltr'><em>U.</em></span> <span class='ocrx_word' id='word_1_8' title='bbox 470 120 514 157; x_wconf 97' lang='lat' dir='ltr'><em>C.</em></span> <span class='ocrx_word' id='word_1_9' title='bbox 548 122 643 163; x_wconf 72' lang='lat'>560.</span> <span class='ocrx_word' id='word_1_10' title='bbox 874 135 909 158; x_wconf 81' lang='lat' dir='ltr'><em>a.</em></span> <span class='ocrx_word' id='word_1_11' title='bbox 941 121 984 158; x_wconf 92' lang='lat' dir='ltr'><em>C.</em></span> <span class='ocrx_word' id='word_1_12' title='bbox 1017 121 1067 158; x_wconf 87' lang='lat' dir='ltr'><em>N.</em></span> <span class='ocrx_word' id='word_1_13' title='bbox 1105 133 1194 171; x_wconf 73' lang='lat'>192.</span> 
     </span>
    </p>
   </div>
   <div class='ocr_carea' id='block_1_2' title="bbox 932 106 1444 121">
    <p class='ocr_par' dir='ltr' id='par_1_2' title="bbox 932 106 1444 121">
     <span class='ocr_line' id='line_1_3' title="bbox 932 106 1444 121; baseline 0 2582"><span class='ocrx_word' id='word_1_14' title='bbox 932 106 1444 121; x_wconf 95' lang='lat' dir='ltr'><em> </em></span> 
     </span>
    </p>
   </div>
   <div class='ocr_carea' id='block_1_3' title="bbox 395 106 628 113">
    <p class='ocr_par' dir='ltr' id='par_1_3' title="bbox 395 106 628 113">
     <span class='ocr_line' id='line_1_4' title="bbox 395 106 628 113; baseline 0 2590"><span class='ocrx_word' id='word_1_15' title='bbox 395 106 628 113; x_wconf 95' lang='lat' dir='ltr'><em> </em></span> 
     </span>
    </p>
   </div>
   <div class='ocr_carea' id='block_1_4' title="bbox 917 168 1184 183">
    <p class='ocr_par' dir='ltr' id='par_1_4' title="bbox 917 168 1184 183">
     <span class='ocr_line' id='line_1_5' title="bbox 917 168 1184 183; baseline 0 2520"><span class='ocrx_word' id='word_1_16' title='bbox 917 168 1184 183; x_wconf 95' lang='lat' dir='ltr'><em> </em></span> 
     </span>
    </p>
   </div>
   <div class='ocr_carea' id='block_1_5' title="bbox 123 196 1450 253">
    <p class='ocr_par' dir='ltr' id='par_1_5' title="bbox 123 196 1450 253">
     <span class='ocr_line' id='line_1_6' title="bbox 123 196 1450 253; baseline 0.002 -19"><span class='ocrx_word' id='word_1_17' title='bbox 123 196 174 236; x_wconf 83' lang='lat' dir='ltr'><em>lia</em></span> <span class='ocrx_word' id='word_1_18' title='bbox 216 200 393 252; x_wconf 84' lang='lat' dir='ltr'><em>ingenia,</em></span> <span class='ocrx_word' id='word_1_19' title='bbox 449 211 559 250; x_wconf 84' lang='lat' dir='ltr'><em>quam</em></span> <span class='ocrx_word' id='word_1_20' title='bbox 597 197 760 237; x_wconf 86' lang='lat' dir='ltr'><em>militum</em></span> <span class='ocrx_word' id='word_1_21' title='bbox 808 212 942 253; x_wconf 84' lang='lat' dir='ltr'><em>genus.</em></span> <span class='ocrx_word' id='word_1_22' title='bbox 1004 211 1041 236; x_wconf 86' lang='lat' dir='ltr'><em>et</em></span> <span class='ocrx_word' id='word_1_23' title='bbox 1079 201 1225 237; x_wconf 87' lang='lat' dir='ltr'><em>utinam</em></span> <span class='ocrx_word' id='word_1_24' title='bbox 1257 197 1450 252; x_wconf 78' lang='lat' dir='ltr'><em>suljicere</em></span> 
     </span>
    </p>
   </div>
   <div class='ocr_carea' id='block_1_6' title="bbox 114 246 1450 360">
    <p class='ocr_par' dir='ltr' id='par_1_6' title="bbox 114 246 1450 360">
     <span class='ocr_line' id='line_1_7' title="bbox 114 246 1450 310; baseline 0.001 -16.008"><span class='ocrx_word' id='word_1_25' title='bbox 114 269 176 294; x_wconf 72' lang='grc' dir='ltr'><em>,ος</em></span> <span class='ocrx_word' id='word_1_26' title='bbox 172 254 245 293; x_wconf 63' lang='lat' dir='ltr'><em>alie</em></span> <span class='ocrx_word' id='word_1_27' title='bbox 275 254 438 304; x_wconf 77' lang='lat' dir='ltr'><em>vestris,</em></span> <span class='ocrx_word' id='word_1_28' title='bbox 473 246 634 302; x_wconf 70' lang='lat' dir='ltr'><em>Achaei,</em></span> <span class='ocrx_word' id='word_1_29' title='bbox 673 254 811 308; x_wconf 79' lang='lat' dir='ltr'><em>paffem</em></span> <span class='ocrx_word' id='word_1_30' title='bbox 835 255 1154 309; x_wconf 82' lang='lat' dir='ltr'><em>concursationem</em></span> <span class='ocrx_word' id='word_1_31' title='bbox 1182 259 1293 310; x_wconf 81' lang='lat' dir='ltr'><em>regis</em></span> <span class='ocrx_word' id='word_1_32' title='bbox 1318 259 1450 310; x_wconf 86' lang='lat' dir='ltr'><em>magni</em></span> 
     </span>
     <span class='ocr_line' id='line_1_8' title="bbox 121 311 1446 360; baseline -0.001 -9"><span class='ocrx_word' id='word_1_33' title='bbox 121 312 168 352; x_wconf 71' lang='lat' dir='ltr'><em>al»</em></span> <span class='ocrx_word' id='word_1_34' title='bbox 210 311 484 360; x_wconf 82' lang='lat' dir='ltr'><strong><em>Demetriade,</em></strong></span> <span class='ocrx_word' id='word_1_35' title='bbox 544 326 643 351; x_wconf 85' lang='lat' dir='ltr'><em>nunc</em></span> <span class='ocrx_word' id='word_1_36' title='bbox 681 313 849 353; x_wconf 79' lang='lat' dir='ltr'><em>Lamiam</em></span> <span class='ocrx_word' id='word_1_37' title='bbox 888 316 928 352; x_wconf 89' lang='lat' dir='ltr'><em>in</em></span> <span class='ocrx_word' id='word_1_38' title='bbox 966 311 1166 353; x_wconf 84' lang='lat' dir='ltr'><em>concilium</em></span> <span class='ocrx_word' id='word_1_39' title='bbox 1205 311 1446 360; x_wconf 80' lang='lat' dir='ltr'><em>Aetolorum,</em></span> 
     </span>
    </p>
   </div>
   <div class='ocr_carea' id='block_1_7' title="bbox 119 367 1548 421">
    <p class='ocr_par' dir='ltr' id='par_1_7' title="bbox 119 367 1548 421">
     <span class='ocr_line' id='line_1_9' title="bbox 119 367 1548 421; baseline 0 -13"><span class='ocrx_word' id='word_1_40' title='bbox 119 383 220 408; x_wconf 87' lang='lat' dir='ltr'><em>nnnc</em></span> <span class='ocrx_word' id='word_1_41' title='bbox 256 367 502 408; x_wconf 71' lang='lat' dir='ltr'><em>Chalcidem!</em></span> <span class='ocrx_word' id='word_1_42' title='bbox 568 369 765 409; x_wconf 77' lang='lat' dir='ltr'><em>Viderctis</em></span> <span class='ocrx_word' id='word_1_43' title='bbox 805 373 875 409; x_wconf 84' lang='lat' dir='ltr'><em>vix</em></span> <span class='ocrx_word' id='word_1_44' title='bbox 911 370 1075 410; x_wconf 83' lang='lat' dir='ltr'><em>claarum</em></span> <span class='ocrx_word' id='word_1_45' title='bbox 1119 368 1209 408; x_wconf 88' lang='lat' dir='ltr'><em>male</em></span> <span class='ocrx_word' id='word_1_46' title='bbox 1245 368 1448 421; x_wconf 77' lang='lat' dir='ltr'><em>plenarum</em></span> <span class='ocrx_word' id='word_1_47' title='bbox 1491 373 1503 380; x_wconf 56' lang='lat'>‘</span> <span class='ocrx_word' id='word_1_48' title='bbox 1547 401 1548 412; x_wconf 65' lang='grc'>,</span> 
     </span>
    </p>
   </div>
   <div class='ocr_carea' id='block_1_8' title="bbox 103 425 1446 1078">
    <p class='ocr_par' dir='ltr' id='par_1_8' title="bbox 103 425 1446 939">
     <span class='ocr_line' id='line_1_10' title="bbox 119 425 1446 483; baseline -0.001 -17"><span class='ocrx_word' id='word_1_49' title='bbox 119 426 423 482; x_wconf 83' lang='lat' dir='ltr'><em>legiuncularum</em></span> <span class='ocrx_word' id='word_1_50' title='bbox 468 425 589 476; x_wconf 79' lang='lat' dir='ltr'><em>instar</em></span> <span class='ocrx_word' id='word_1_51' title='bbox 632 430 671 465; x_wconf 89' lang='lat' dir='ltr'><em>in</em></span> <span class='ocrx_word' id='word_1_52' title='bbox 709 426 842 477; x_wconf 85' lang='lat' dir='ltr'><em>castris</em></span> <span class='ocrx_word' id='word_1_53' title='bbox 886 431 1016 483; x_wconf 78' lang='lat' dir='ltr'><em>regis:</em></span> <span class='ocrx_word' id='word_1_54' title='bbox 1071 426 1261 466; x_wconf 77' lang='lat' dir='ltr'><em>videretis</em></span> <span class='ocrx_word' id='word_1_55' title='bbox 1305 439 1446 480; x_wconf 78' lang='lat' dir='ltr'><em>regem,</em></span> 
     </span>
     <span class='ocr_line' id='line_1_11' title="bbox 103 482 1446 538; baseline 0 -16"><span class='ocrx_word' id='word_1_56' title='bbox 103 493 218 523; x_wconf 72' lang='lat' dir='ltr'><em>‘ntcnc</em></span> <span class='ocrx_word' id='word_1_57' title='bbox 260 484 530 523; x_wconf 79' lang='lat' dir='ltr'><em>mendicantem</em></span> <span class='ocrx_word' id='word_1_58' title='bbox 568 498 697 538; x_wconf 76' lang='lat' dir='ltr'><em>prope</em></span> <span class='ocrx_word' id='word_1_59' title='bbox 729 484 980 536; x_wconf 73' lang='lat' dir='ltr'><em>frumentum</em></span> <span class='ocrx_word' id='word_1_60' title='bbox 1022 484 1070 523; x_wconf 78' lang='lat' dir='ltr'><em>ab</em></span> <span class='ocrx_word' id='word_1_61' title='bbox 1113 482 1286 536; x_wconf 55' lang='lat' dir='ltr'><em>Aetolis,</em></span> <span class='ocrx_word' id='word_1_62' title='bbox 1346 482 1446 535; x_wconf 75' lang='lat' dir='ltr'><em>quod</em></span> 
     </span>
     <span class='ocr_line' id='line_1_12' title="bbox 117 538 1442 595; baseline -0.001 -15"><span class='ocrx_word' id='word_1_63' title='bbox 117 540 237 580; x_wconf 83' lang='lat' dir='ltr'><em>militi</em></span> <span class='ocrx_word' id='word_1_64' title='bbox 273 541 532 581; x_wconf 70' lang='lat' dir='ltr'><em>admetiatur:</em></span> <span class='ocrx_word' id='word_1_65' title='bbox 592 555 691 580; x_wconf 88' lang='lat' dir='ltr'><em>nunc</em></span> <span class='ocrx_word' id='word_1_66' title='bbox 727 555 874 581; x_wconf 86' lang='lat' dir='ltr'><em>mutuas</em></span> <span class='ocrx_word' id='word_1_67' title='bbox 904 545 1083 595; x_wconf 72' lang='lat' dir='ltr'><em>pecunias</em></span> <span class='ocrx_word' id='word_1_68' title='bbox 1108 541 1352 594; x_wconf 72' lang='lat' dir='ltr'><em>foenoreirt</em></span> <span class='ocrx_word' id='word_1_69' title='bbox 1370 538 1442 591; x_wconf 84' lang='lat' dir='ltr'><em>sti-</em></span> 
     </span>
     <span class='ocr_line' id='line_1_13' title="bbox 114 596 1442 652; baseline -0.002 -14"><span class='ocrx_word' id='word_1_70' title='bbox 114 600 300 652; x_wconf 72' lang='lat' dir='ltr'><em>pendium</em></span> <span class='ocrx_word' id='word_1_71' title='bbox 330 612 600 651; x_wconf 83' lang='lat' dir='ltr'><em>quaerentem:</em></span> <span class='ocrx_word' id='word_1_72' title='bbox 650 612 751 638; x_wconf 88' lang='lat' dir='ltr'><em>nunc</em></span> <span class='ocrx_word' id='word_1_73' title='bbox 785 599 835 639; x_wconf 85' lang='lat' dir='ltr'><em>acl</em></span> <span class='ocrx_word' id='word_1_74' title='bbox 868 613 1003 652; x_wconf 74' lang='lat' dir='ltr'><em>portas</em></span> <span class='ocrx_word' id='word_1_75' title='bbox 1040 596 1234 638; x_wconf 73' lang='lat' dir='ltr'><em>Chalcidis</em></span> <span class='ocrx_word' id='word_1_76' title='bbox 1254 596 1442 647; x_wconf 65' lang='lat' dir='ltr'><em>stantem:</em></span> 
     </span>
     <span class='ocr_line' id='line_1_14' title="bbox 114 654 1442 710; baseline -0.001 -16"><span class='ocrx_word' id='word_1_77' title='bbox 114 669 155 694; x_wconf 85' lang='lat' dir='ltr'><em>et</em></span> <span class='ocrx_word' id='word_1_78' title='bbox 191 670 280 695; x_wconf 72' lang='lat' dir='ltr'><em>mox</em></span> <span class='ocrx_word' id='word_1_79' title='bbox 319 656 407 695; x_wconf 85' lang='lat' dir='ltr'><em>inde</em></span> <span class='ocrx_word' id='word_1_80' title='bbox 446 656 657 707; x_wconf 81' lang='lat' dir='ltr'><em>exclusum,</em></span> <span class='ocrx_word' id='word_1_81' title='bbox 719 654 817 696; x_wconf 83' lang='lat' dir='ltr'><em>nilzil</em></span> <span class='ocrx_word' id='word_1_82' title='bbox 857 657 965 696; x_wconf 80' lang='lat' dir='ltr'><em>aliud</em></span> <span class='ocrx_word' id='word_1_83' title='bbox 1001 670 1113 710; x_wconf 84' lang='lat' dir='ltr'><em>quam</em></span> <span class='ocrx_word' id='word_1_84' title='bbox 1145 654 1287 694; x_wconf 80' lang='lat' dir='ltr'><em>Aulide</em></span> <span class='ocrx_word' id='word_1_85' title='bbox 1326 667 1442 708; x_wconf 79' lang='lat' dir='ltr'><em>atque</em></span> 
     </span>
     <span class='ocr_line' id='line_1_15' title="bbox 116 709 1441 767; baseline -0.002 -14"><span class='ocrx_word' id='word_1_86' title='bbox 116 713 271 765; x_wconf 72' lang='lat' dir='ltr'><em>Euripo</em></span> <span class='ocrx_word' id='word_1_87' title='bbox 292 714 506 767; x_wconf 71' lang='lat' dir='ltr'><em>spectatis,</em></span> <span class='ocrx_word' id='word_1_88' title='bbox 539 717 578 753; x_wconf 85' lang='lat' dir='ltr'><em>in</em></span> <span class='ocrx_word' id='word_1_89' title='bbox 612 713 800 754; x_wconf 77' lang='lat' dir='ltr'><em>Aetoliam</em></span> <span class='ocrx_word' id='word_1_90' title='bbox 835 713 1068 759; x_wconf 80' lang='lat' dir='ltr'><em>redeuntem.</em></span> <span class='ocrx_word' id='word_1_91' title='bbox 1127 712 1236 751; x_wconf 88' lang='lat' dir='ltr'><em>Male</em></span> <span class='ocrx_word' id='word_1_92' title='bbox 1268 709 1441 751; x_wconf 80' lang='lat' dir='ltr'><em>credide·</em></span> 
     </span>
     <span class='ocr_line' id='line_1_16' title="bbox 113 768 1440 827; baseline -0.001 -18"><span class='ocrx_word' id='word_1_93' title='bbox 113 784 210 810; x_wconf 85' lang='lat' dir='ltr'><em>runt</em></span> <span class='ocrx_word' id='word_1_94' title='bbox 234 784 271 809; x_wconf 86' lang='lat' dir='ltr'><em>et</em></span> <span class='ocrx_word' id='word_1_95' title='bbox 292 773 429 809; x_wconf 82' lang='lat' dir='ltr'><em>Antio</em></span> <span class='ocrx_word' id='word_1_96' title='bbox 422 769 509 810; x_wconf 83' lang='lat' dir='ltr'><em>ltus</em></span> <span class='ocrx_word' id='word_1_97' title='bbox 531 771 702 820; x_wconf 79' lang='lat' dir='ltr'><em>Aetolis,</em></span> <span class='ocrx_word' id='word_1_98' title='bbox 737 784 774 809; x_wconf 81' lang='lat' dir='ltr'><em>et</em></span> <span class='ocrx_word' id='word_1_99' title='bbox 796 771 927 810; x_wconf 84' lang='lat' dir='ltr'><em>Aetoli</em></span> <span class='ocrx_word' id='word_1_100' title='bbox 954 775 1082 827; x_wconf 85' lang='lat' dir='ltr'><em>regiae</em></span> <span class='ocrx_word' id='word_1_101' title='bbox 1111 771 1289 809; x_wconf 81' lang='lat' dir='ltr'><em>vanitati.</em></span> <span class='ocrx_word' id='word_1_102' title='bbox 1349 768 1440 821; x_wconf 78' lang='lat' dir='ltr'><em>Quo</em></span> 
     </span>
     <span class='ocr_line' id='line_1_17' title="bbox 112 827 1441 882; baseline 0 -16"><span class='ocrx_word' id='word_1_103' title='bbox 112 831 239 866; x_wconf 82' lang='lat' dir='ltr'><em>minus</em></span> <span class='ocrx_word' id='word_1_104' title='bbox 263 842 330 866; x_wconf 86' lang='lat' dir='ltr'><em>vos</em></span> <span class='ocrx_word' id='word_1_105' title='bbox 359 828 483 871; x_wconf 69' lang='lat' dir='ltr'><em>decivi</em></span> <span class='ocrx_word' id='word_1_106' title='bbox 514 827 673 877; x_wconf 72' lang='lat' dir='ltr'><em>debetis,</em></span> <span class='ocrx_word' id='word_1_107' title='bbox 701 828 776 882; x_wconf 84' lang='lat' dir='ltr'><em>sed</em></span> <span class='ocrx_word' id='word_1_108' title='bbox 800 842 988 880; x_wconf 76' lang='lat' dir='ltr'><em>expertae</em></span> <span class='ocrx_word' id='word_1_109' title='bbox 1017 830 1150 881; x_wconf 73' lang='lat' dir='ltr'><em>potius</em></span> <span class='ocrx_word' id='word_1_110' title='bbox 1169 827 1441 881; x_wconf 76' lang='lat' dir='ltr'><em>spectataeque</em></span> 
     </span>
     <span class='ocr_line' id='line_1_18' title="bbox 114 883 1424 939; baseline -0.001 -15"><span class='ocrx_word' id='word_1_111' title='bbox 114 884 375 924; x_wconf 81' lang='lat' dir='ltr'><em>Romanorum</em></span> <span class='ocrx_word' id='word_1_112' title='bbox 411 884 508 935; x_wconf 79' lang='lat' dir='ltr'><em>fidei</em></span> <span class='ocrx_word' id='word_1_113' title='bbox 538 885 708 924; x_wconf 76' lang='lat' dir='ltr'><em>credere.</em></span> <span class='ocrx_word' id='word_1_114' title='bbox 774 886 873 924; x_wconf 88' lang='lat' dir='ltr'><em>Nam</em></span> <span class='ocrx_word' id='word_1_115' title='bbox 908 886 1015 939; x_wconf 80' lang='lat' dir='ltr'><em>quod</em></span> <span class='ocrx_word' id='word_1_116' title='bbox 1051 887 1240 939; x_wconf 82' lang='lat' dir='ltr'><em>optimum</em></span> <span class='ocrx_word' id='word_1_117' title='bbox 1278 883 1424 936; x_wconf 76' lang='lat' dir='ltr'><em>effedt</em></span> 
     </span>
    </p>

    <p class='ocr_par' dir='ltr' id='par_1_9' title="bbox 111 941 1439 1056">
     <span class='ocr_line' id='line_1_19' title="bbox 111 941 1439 989; baseline 0 -9"><span class='ocrx_word' id='word_1_118' title='bbox 111 955 225 989; x_wconf 83' lang='lat' dir='ltr'><em>cunt,</em></span> <span class='ocrx_word' id='word_1_119' title='bbox 284 956 359 980; x_wconf 85' lang='lat' dir='ltr'><em>non</em></span> <span class='ocrx_word' id='word_1_120' title='bbox 389 946 589 988; x_wconf 70' lang='lat' dir='ltr'><em>interponi</em></span> <span class='ocrx_word' id='word_1_121' title='bbox 625 957 689 981; x_wconf 81' lang='lat' dir='ltr'><em>vos</em></span> <span class='ocrx_word' id='word_1_122' title='bbox 721 942 839 981; x_wconf 81' lang='lat' dir='ltr'><em>bello:</em></span> <span class='ocrx_word' id='word_1_123' title='bbox 900 941 1000 983; x_wconf 76' lang='lat' dir='ltr'><em>niltil</em></span> <span class='ocrx_word' id='word_1_124' title='bbox 1035 948 1142 983; x_wconf 88' lang='lat' dir='ltr'><em>immo</em></span> <span class='ocrx_word' id='word_1_125' title='bbox 1173 954 1248 981; x_wconf 88' lang='lat' dir='ltr'><em>tam</em></span> <span class='ocrx_word' id='word_1_126' title='bbox 1276 941 1439 981; x_wconf 81' lang='lat' dir='ltr'><em>alienum</em></span> 
     </span>
     <span class='ocr_line' id='line_1_20' title="bbox 111 997 1436 1078; baseline 0.001 -41"><span class='ocrx_word' id='word_1_127' title='bbox 111 999 227 1038; x_wconf 80' lang='lat' dir='ltr'><em>rebus</em></span> <span class='ocrx_word' id='word_1_128' title='bbox 269 998 407 1047; x_wconf 75' lang='lat' dir='ltr'><em>vestris</em></span> <span class='ocrx_word' id='word_1_129' title='bbox 455 999 516 1049; x_wconf 78' lang='lat' dir='ltr'><em>est,</em></span> <span class='ocrx_word' id='word_1_130' title='bbox 576 1000 734 1053; x_wconf 75' lang='lat' dir='ltr'><em>Quippe</em></span> <span class='ocrx_word' id='word_1_131' title='bbox 770 999 854 1048; x_wconf 88' lang='lat' dir='ltr'><em>fine</em></span> <span class='ocrx_word' id='word_1_132' title='bbox 894 1002 1051 1078; x_wconf 78' lang='lat' dir='ltr'><em>gratia,</em></span> <span class='ocrx_word' id='word_1_133' title='bbox 1097 997 1180 1048; x_wconf 83' lang='lat' dir='ltr'><em>sne</em></span> <span class='ocrx_word' id='word_1_134' title='bbox 1227 998 1436 1052; x_wconf 73' lang='lat' dir='ltr'><em>dignitate,</em></span> 
     </span>
    </p>
   </div>
   <div class='ocr_carea' id='block_1_9' title="bbox 108 1059 667 1110">
    <p class='ocr_par' dir='ltr' id='par_1_10' title="bbox 108 1059 667 1110">
     <span class='ocr_line' id='line_1_21' title="bbox 108 1059 667 1110; baseline 0 -13"><span class='ocrx_word' id='word_1_135' title='bbox 108 1059 320 1110; x_wconf 70' lang='lat' dir='ltr'><em>Praemium</em></span> <span class='ocrx_word' id='word_1_136' title='bbox 348 1071 475 1096; x_wconf 66' lang='lat' dir='ltr'><em>vlCtOV</em></span> <span class='ocrx_word' id='word_1_137' title='bbox 479 1072 514 1096; x_wconf 80' lang='lat' dir='ltr'><em>ts</em></span> <span class='ocrx_word' id='word_1_138' title='bbox 544 1071 667 1098; x_wconf 64' lang='lat' dir='ltr'><em>ernu-</em></span> 
     </span>
    </p>
   </div>
   <div class='ocr_carea' id='block_1_10' title="bbox 87 1170 1435 2494">
    <p class='ocr_par' dir='ltr' id='par_1_11' title="bbox 87 1170 1435 2494">
     <span class='ocr_line' id='line_1_22' title="bbox 225 1170 1435 1226; baseline 0.002 -15"><span class='ocrx_word' id='word_1_139' title='bbox 225 1174 269 1211; x_wconf 92' lang='lat' dir='ltr'><em>L.</em></span> <span class='ocrx_word' id='word_1_140' title='bbox 301 1171 394 1211; x_wconf 90' lang='lat' dir='ltr'><em>Nec</em></span> <span class='ocrx_word' id='word_1_141' title='bbox 413 1172 590 1217; x_wconf 81' lang='lat' dir='ltr'><em>absurde</em></span> <span class='ocrx_word' id='word_1_142' title='bbox 615 1173 809 1214; x_wconf 79' lang='lat' dir='ltr'><em>adversus</em></span> <span class='ocrx_word' id='word_1_143' title='bbox 829 1185 1026 1226; x_wconf 89' lang='lat' dir='ltr'><em>utrosque</em></span> <span class='ocrx_word' id='word_1_144' title='bbox 1044 1171 1305 1226; x_wconf 72' lang='lat' dir='ltr'><em>respondisse</em></span> <span class='ocrx_word' id='word_1_145' title='bbox 1325 1170 1435 1214; x_wconf 72' lang='lat' dir='ltr'><em>visus</em></span> 
     </span>
     <span class='ocr_line' id='line_1_23' title="bbox 110 1229 1435 1285; baseline 0.001 -16"><span class='ocrx_word' id='word_1_146' title='bbox 110 1230 183 1277; x_wconf 83' lang='lat' dir='ltr'><em>est,</em></span> <span class='ocrx_word' id='word_1_147' title='bbox 207 1240 247 1268; x_wconf 87' lang='lat' dir='ltr'><em>et</em></span> <span class='ocrx_word' id='word_1_148' title='bbox 267 1229 390 1268; x_wconf 75' lang='lat' dir='ltr'><em>facile</em></span> <span class='ocrx_word' id='word_1_149' title='bbox 411 1241 502 1268; x_wconf 82' lang='lat' dir='ltr'><em>erat</em></span> <span class='ocrx_word' id='word_1_150' title='bbox 521 1233 755 1270; x_wconf 82' lang='lat' dir='ltr'><em>orationem</em></span> <span class='ocrx_word' id='word_1_151' title='bbox 771 1231 882 1285; x_wconf 86' lang='lat' dir='ltr'><em>apud</em></span> <span class='ocrx_word' id='word_1_152' title='bbox 900 1231 1090 1271; x_wconf 79' lang='lat' dir='ltr'><em>faventes</em></span> <span class='ocrx_word' id='word_1_153' title='bbox 1111 1230 1252 1282; x_wconf 85' lang='lat' dir='ltr'><em>aequis</em></span> <span class='ocrx_word' id='word_1_154' title='bbox 1266 1231 1435 1270; x_wconf 81' lang='lat' dir='ltr'><em>auribus</em></span> 
     </span>
     <span class='ocr_line' id='line_1_24' title="bbox 107 1286 1432 1342; baseline 0 -16"><span class='ocrx_word' id='word_1_155' title='bbox 107 1288 252 1341; x_wconf 78' lang='lat' dir='ltr'><em>accipi.</em></span> <span class='ocrx_word' id='word_1_156' title='bbox 294 1288 414 1326; x_wconf 77' lang='lat' dir='ltr'><em>nulla</em></span> <span class='ocrx_word' id='word_1_157' title='bbox 441 1289 556 1326; x_wconf 85' lang='lat' dir='ltr'><em>enim</em></span> <span class='ocrx_word' id='word_1_158' title='bbox 587 1303 669 1328; x_wconf 86' lang='lat' dir='ltr'><em>nec</em></span> <span class='ocrx_word' id='word_1_159' title='bbox 693 1289 960 1342; x_wconf 80' lang='lat' dir='ltr'><em>disceptatio,</em></span> <span class='ocrx_word' id='word_1_160' title='bbox 994 1301 1076 1326; x_wconf 87' lang='lat' dir='ltr'><em>nec</em></span> <span class='ocrx_word' id='word_1_161' title='bbox 1105 1287 1310 1327; x_wconf 81' lang='lat' dir='ltr'><em>dubitatio</em></span> <span class='ocrx_word' id='word_1_162' title='bbox 1338 1286 1432 1338; x_wconf 84' lang='lat' dir='ltr'><em>fuit,</em></span> 
     </span>
     <span class='ocr_line' id='line_1_25' title="bbox 97 1343 1432 1400; baseline 0.001 -17"><span class='ocrx_word' id='word_1_163' title='bbox 97 1347 213 1399; x_wconf 50' lang='lat' dir='ltr'><em>⁹quin</em></span> <span class='ocrx_word' id='word_1_164' title='bbox 235 1358 398 1394; x_wconf 83' lang='lat' dir='ltr'><em>omnes,</em></span> <span class='ocrx_word' id='word_1_165' title='bbox 427 1345 596 1384; x_wconf 78' lang='lat' dir='ltr'><em>eosdem</em></span> <span class='ocrx_word' id='word_1_166' title='bbox 620 1348 736 1400; x_wconf 68' lang='lat' dir='ltr'><em>genti</em></span> <span class='ocrx_word' id='word_1_167' title='bbox 758 1346 1023 1386; x_wconf 76' lang='lat' dir='ltr'><em>Achaeorum</em></span> <span class='ocrx_word' id='word_1_168' title='bbox 1046 1343 1182 1384; x_wconf 81' lang='lat' dir='ltr'><em>hostes</em></span> <span class='ocrx_word' id='word_1_169' title='bbox 1203 1356 1244 1384; x_wconf 86' lang='lat' dir='ltr'><em>et</em></span> <span class='ocrx_word' id='word_1_170' title='bbox 1263 1346 1432 1394; x_wconf 80' lang='lat' dir='ltr'><em>amicos,</em></span> 
     </span>
     <span class='ocr_line' id='line_1_26' title="bbox 103 1403 1433 1456; baseline 0 -15"><span class='ocrx_word' id='word_1_171' title='bbox 103 1416 210 1456; x_wconf 88' lang='lat' dir='ltr'><em>quos</em></span> <span class='ocrx_word' id='word_1_172' title='bbox 240 1404 417 1455; x_wconf 81' lang='lat' dir='ltr'><em>populus</em></span> <span class='ocrx_word' id='word_1_173' title='bbox 449 1403 664 1442; x_wconf 79' lang='lat' dir='ltr'><em>Romanus</em></span> <span class='ocrx_word' id='word_1_174' title='bbox 692 1404 936 1452; x_wconf 78' lang='lat' dir='ltr'><em>censuisset,</em></span> <span class='ocrx_word' id='word_1_175' title='bbox 966 1403 1226 1455; x_wconf 83' lang='lat' dir='ltr'><em>judicarent,</em></span> <span class='ocrx_word' id='word_1_176' title='bbox 1259 1404 1433 1442; x_wconf 86' lang='lat' dir='ltr'><em>bellum-</em></span> 
     </span>
     <span class='ocr_line' id='line_1_27' title="bbox 106 1458 1433 1514; baseline 0.002 -16"><span class='ocrx_word' id='word_1_177' title='bbox 106 1474 188 1514; x_wconf 85' lang='lat' dir='ltr'><em>que</em></span> <span class='ocrx_word' id='word_1_178' title='bbox 209 1471 250 1498; x_wconf 88' lang='lat' dir='ltr'><em>et</em></span> <span class='ocrx_word' id='word_1_179' title='bbox 269 1459 503 1508; x_wconf 84' lang='lat' dir='ltr'><em>Antiocho,</em></span> <span class='ocrx_word' id='word_1_180' title='bbox 541 1472 583 1499; x_wconf 89' lang='lat' dir='ltr'><em>et</em></span> <span class='ocrx_word' id='word_1_181' title='bbox 602 1462 760 1500; x_wconf 70' lang='lat' dir='ltr'><em>Aetoiis</em></span> <span class='ocrx_word' id='word_1_182' title='bbox 784 1461 975 1500; x_wconf 84' lang='lat' dir='ltr'><em>nuntiari</em></span> <span class='ocrx_word' id='word_1_183' title='bbox 995 1461 1205 1514; x_wconf 84' lang='lat' dir='ltr'><em>juberent.</em></span> <span class='ocrx_word' id='word_1_184' title='bbox 1260 1458 1433 1500; x_wconf 81' lang='lat' dir='ltr'><em>Auxilia</em></span> 
     </span>
     <span class='ocr_line' id='line_1_28' title="bbox 106 1517 1433 1571; baseline 0 -14"><span class='ocrx_word' id='word_1_185' title='bbox 106 1518 256 1566; x_wconf 79' lang='lat' dir='ltr'><em>etiam,</em></span> <span class='ocrx_word' id='word_1_186' title='bbox 299 1532 380 1569; x_wconf 91' lang='lat' dir='ltr'><em>quo</em></span> <span class='ocrx_word' id='word_1_187' title='bbox 412 1517 570 1556; x_wconf 80' lang='lat' dir='ltr'><em>censuit</em></span> <span class='ocrx_word' id='word_1_188' title='bbox 604 1520 849 1569; x_wconf 78' lang='lat' dir='ltr'><em>Quinctius,</em></span> <span class='ocrx_word' id='word_1_189' title='bbox 891 1519 1220 1571; x_wconf 83' lang='lat' dir='ltr'><em>quingentorum</em></span> <span class='ocrx_word' id='word_1_190' title='bbox 1248 1518 1433 1557; x_wconf 84' lang='lat' dir='ltr'><em>militum</em></span> 
     </span>
     <span class='ocr_line' id='line_1_29' title="bbox 105 1574 1428 1628; baseline 0 -14"><span class='ocrx_word' id='word_1_191' title='bbox 105 1574 364 1623; x_wconf 74' lang='lat' dir='ltr'><em>Chalcidem,</em></span> <span class='ocrx_word' id='word_1_192' title='bbox 389 1576 719 1628; x_wconf 81' lang='lat' dir='ltr'><em>quingentorum</em></span> <span class='ocrx_word' id='word_1_193' title='bbox 744 1578 958 1615; x_wconf 84' lang='lat' dir='ltr'><em>Piraeeum</em></span> <span class='ocrx_word' id='word_1_194' title='bbox 981 1575 1191 1628; x_wconf 82' lang='lat' dir='ltr'><em>extemplo</em></span> <span class='ocrx_word' id='word_1_195' title='bbox 1209 1574 1428 1615; x_wconf 71' lang='lat' dir='ltr'><em>miserunt.</em></span> 
     </span>
     <span class='ocr_line' id='line_1_30' title="bbox 104 1631 1430 1686; baseline 0 -14"><span class='ocrx_word' id='word_1_196' title='bbox 104 1633 208 1672; x_wconf 83' lang='lat' dir='ltr'><em>Erat</em></span> <span class='ocrx_word' id='word_1_197' title='bbox 229 1633 343 1671; x_wconf 87' lang='lat' dir='ltr'><em>enim</em></span> <span class='ocrx_word' id='word_1_198' title='bbox 367 1631 479 1671; x_wconf 81' lang='lat' dir='ltr'><em>hand</em></span> <span class='ocrx_word' id='word_1_199' title='bbox 510 1635 653 1686; x_wconf 86' lang='lat' dir='ltr'><em>procul</em></span> <span class='ocrx_word' id='word_1_200' title='bbox 676 1633 880 1673; x_wconf 79' lang='lat' dir='ltr'><em>seditione</em></span> <span class='ocrx_word' id='word_1_201' title='bbox 899 1632 1082 1672; x_wconf 84' lang='lat' dir='ltr'><em>Athenis</em></span> <span class='ocrx_word' id='word_1_202' title='bbox 1104 1646 1190 1681; x_wconf 79' lang='lat' dir='ltr'><em>res,</em></span> <span class='ocrx_word' id='word_1_203' title='bbox 1227 1633 1430 1673; x_wconf 81' lang='lat' dir='ltr'><em>trahenti-</em></span> 
     </span>
     <span class='ocr_line' id='line_1_31' title="bbox 103 1689 1432 1745; baseline 0 -16"><span class='ocrx_word' id='word_1_204' title='bbox 103 1692 180 1730; x_wconf 87' lang='lat' dir='ltr'><em>bus</em></span> <span class='ocrx_word' id='word_1_205' title='bbox 200 1690 254 1728; x_wconf 89' lang='lat' dir='ltr'><em>ad</em></span> <span class='ocrx_word' id='word_1_206' title='bbox 271 1689 532 1729; x_wconf 85' lang='lat' dir='ltr'><em>Antiochum</em></span> <span class='ocrx_word' id='word_1_207' title='bbox 562 1690 809 1744; x_wconf 83' lang='lat' dir='ltr'><em>quibusdam</em></span> <span class='ocrx_word' id='word_1_208' title='bbox 842 1691 912 1745; x_wconf 83' lang='lat' dir='ltr'><em>spe</em></span> <span class='ocrx_word' id='word_1_209' title='bbox 938 1691 1208 1744; x_wconf 79' lang='lat' dir='ltr'><em>largitionum</em></span> <span class='ocrx_word' id='word_1_210' title='bbox 1233 1692 1432 1731; x_wconf 82' lang='lat' dir='ltr'><em>venalem</em></span> 
     </span>
     <span class='ocr_line' id='line_1_32' title="bbox 102 1747 1430 1803; baseline 0.001 -17"><span class='ocrx_word' id='word_1_211' title='bbox 102 1748 239 1802; x_wconf 79' lang='lat' dir='ltr'><em>pretio</em></span> <span class='ocrx_word' id='word_1_212' title='bbox 260 1747 597 1798; x_wconf 76' lang='lat' dir='ltr'><em>multitudinem3</em></span> <span class='ocrx_word' id='word_1_213' title='bbox 629 1748 769 1788; x_wconf 90' lang='lat' dir='ltr'><em>donec</em></span> <span class='ocrx_word' id='word_1_214' title='bbox 789 1751 840 1787; x_wconf 85' lang='lat' dir='ltr'><em>ab</em></span> <span class='ocrx_word' id='word_1_215' title='bbox 858 1751 908 1788; x_wconf 89' lang='lat' dir='ltr'><em>iis</em></span> <span class='ocrx_word' id='word_1_216' title='bbox 921 1779 931 1797; x_wconf 88' lang='lat'><em>,</em></span> <span class='ocrx_word' id='word_1_217' title='bbox 966 1749 1038 1800; x_wconf 89' lang='lat' dir='ltr'><em>qui</em></span> <span class='ocrx_word' id='word_1_218' title='bbox 1055 1749 1280 1787; x_wconf 82' lang='lat' dir='ltr'><em>Romanae</em></span> <span class='ocrx_word' id='word_1_219' title='bbox 1300 1749 1430 1803; x_wconf 79' lang='lat' dir='ltr'><em>partis</em></span> 
     </span>
     <span class='ocr_line' id='line_1_33' title="bbox 102 1805 1429 1858; baseline 0.001 -15"><span class='ocrx_word' id='word_1_220' title='bbox 102 1816 247 1854; x_wconf 82' lang='lat' dir='ltr'><em>erant,</em></span> <span class='ocrx_word' id='word_1_221' title='bbox 270 1806 507 1854; x_wconf 82' lang='lat' dir='ltr'><em>-Quinctius</em></span> <span class='ocrx_word' id='word_1_222' title='bbox 531 1805 588 1844; x_wconf 81' lang='lat' dir='ltr'><em>eft</em></span> <span class='ocrx_word' id='word_1_223' title='bbox 609 1808 785 1855; x_wconf 79' lang='lat' dir='ltr'><em>accitus,</em></span> <span class='ocrx_word' id='word_1_224' title='bbox 817 1817 878 1855; x_wconf 88' lang='lat' dir='ltr'><em>et,</em></span> <span class='ocrx_word' id='word_1_225' title='bbox 910 1805 1128 1844; x_wconf 81' lang='lat' dir='ltr'><em>accusante</em></span> <span class='ocrx_word' id='word_1_226' title='bbox 1151 1806 1429 1858; x_wconf 32' lang='lat' dir='ltr'><em>Leonte-*quo-</em></span> 
     </span>
     <span class='ocr_line' id='line_1_34' title="bbox 97 1861 1429 1916; baseline 0.001 -15"><span class='ocrx_word' id='word_1_227' title='bbox 97 1862 223 1911; x_wconf 76' lang='lat' dir='ltr'><em>dam,</em></span> <span class='ocrx_word' id='word_1_228' title='bbox 263 1861 546 1915; x_wconf 79' lang='lat' dir='ltr'><em>Apollodorus</em></span> <span class='ocrx_word' id='word_1_229' title='bbox 572 1874 713 1902; x_wconf 84' lang='lat' dir='ltr'><em>auctor</em></span> <span class='ocrx_word' id='word_1_230' title='bbox 743 1862 994 1903; x_wconf 80' lang='lat' dir='ltr'><em>defectionis</em></span> <span class='ocrx_word' id='word_1_231' title='bbox 1017 1861 1265 1913; x_wconf 84' lang='lat' dir='ltr'><em>damnatus,</em></span> <span class='ocrx_word' id='word_1_232' title='bbox 1305 1873 1429 1916; x_wconf 83' lang='lat' dir='ltr'><em>atque</em></span> 
     </span>
     <span class='ocr_line' id='line_1_35' title="bbox 99 1919 1429 1974; baseline 0.001 -15"><span class='ocrx_word' id='word_1_233' title='bbox 99 1921 150 1960; x_wconf 86' lang='lat' dir='ltr'><em>in</em></span> <span class='ocrx_word' id='word_1_234' title='bbox 171 1919 358 1959; x_wconf 67' lang='lat' dir='ltr'><em>extilium</em></span> <span class='ocrx_word' id='word_1_235' title='bbox 382 1919 440 1958; x_wconf 83' lang='lat' dir='ltr'><em>est</em></span> <span class='ocrx_word' id='word_1_236' title='bbox 461 1921 625 1973; x_wconf 81' lang='lat' dir='ltr'><em>ejectus.</em></span> <span class='ocrx_word' id='word_1_237' title='bbox 672 1921 727 1959; x_wconf 79' lang='lat' dir='ltr'><em>Et</em></span> <span class='ocrx_word' id='word_1_238' title='bbox 745 1923 796 1959; x_wconf 89' lang='lat' dir='ltr'><em>ab</em></span> <span class='ocrx_word' id='word_1_239' title='bbox 816 1920 997 1959; x_wconf 88' lang='lat' dir='ltr'><em>Achaeis</em></span> <span class='ocrx_word' id='word_1_240' title='bbox 1018 1919 1187 1974; x_wconf 87' lang='lat' dir='ltr'><em>quidem</em></span> <span class='ocrx_word' id='word_1_241' title='bbox 1209 1934 1304 1960; x_wconf 89' lang='lat' dir='ltr'><em>cum</em></span> <span class='ocrx_word' id='word_1_242' title='bbox 1324 1919 1429 1960; x_wconf 83' lang='lat' dir='ltr'><em>tristi</em></span> 
     </span>
     <span class='ocr_line' id='line_1_36' title="bbox 100 1976 1427 2031; baseline 0.002 -16"><span class='ocrx_word' id='word_1_243' title='bbox 100 1976 301 2030; x_wconf 78' lang='lat' dir='ltr'><em>responso</em></span> <span class='ocrx_word' id='word_1_244' title='bbox 324 1978 473 2029; x_wconf 84' lang='lat' dir='ltr'><em>legatio</em></span> <span class='ocrx_word' id='word_1_245' title='bbox 495 1977 548 2016; x_wconf 80' lang='lat' dir='ltr'><em>ad</em></span> <span class='ocrx_word' id='word_1_246' title='bbox 571 1992 712 2031; x_wconf 81' lang='lat' dir='ltr'><em>regem</em></span> <span class='ocrx_word' id='word_1_247' title='bbox 738 1977 877 2018; x_wconf 82' lang='lat' dir='ltr'><em>rediit.</em></span> <span class='ocrx_word' id='word_1_248' title='bbox 939 1978 1083 2016; x_wconf 89' lang='lat' dir='ltr'><em>Boeoti</em></span> <span class='ocrx_word' id='word_1_249' title='bbox 1105 1978 1215 2017; x_wconf 86' lang='lat' dir='ltr'><em>nihil</em></span> <span class='ocrx_word' id='word_1_250' title='bbox 1238 1979 1343 2018; x_wconf 89' lang='lat' dir='ltr'><em>certi</em></span> <span class='ocrx_word' id='word_1_251' title='bbox 1363 1991 1427 2018; x_wconf 83' lang='lat' dir='ltr'><em>re-</em></span> 
     </span>
     <span class='ocr_line' id='line_1_37' title="bbox 99 2033 1427 2088; baseline 0 -14"><span class='ocrx_word' id='word_1_252' title='bbox 99 2034 388 2088; x_wconf 81' lang='lat' dir='ltr'><em>sponderunt:</em></span> <span class='ocrx_word' id='word_1_253' title='bbox 450 2048 532 2072; x_wconf 88' lang='lat' dir='ltr'><em>cum</em></span> <span class='ocrx_word' id='word_1_254' title='bbox 569 2034 779 2075; x_wconf 74' lang='lat' dir='ltr'><em>Antiochus</em></span> <span class='ocrx_word' id='word_1_255' title='bbox 817 2038 858 2076; x_wconf 86' lang='lat' dir='ltr'><em>in</em></span> <span class='ocrx_word' id='word_1_256' title='bbox 891 2033 1293 2087; x_wconf 18' lang='lat' dir='ltr'><em>Boeotiamaiveniffet,</em></span> <span class='ocrx_word' id='word_1_257' title='bbox 1324 2047 1427 2083; x_wconf 66' lang='lat' dir='ltr'><em>tum,</em></span> 
     </span>
     <span class='ocr_line' id='line_1_38' title="bbox 99 2089 1426 2146; baseline 0.003 -18"><span class='ocrx_word' id='word_1_258' title='bbox 99 2091 200 2146; x_wconf 79' lang='lat' dir='ltr'><em>qnid</em></span> <span class='ocrx_word' id='word_1_259' title='bbox 232 2089 307 2143; x_wconf 84' lang='lat' dir='ltr'><em>fibi</em></span> <span class='ocrx_word' id='word_1_260' title='bbox 332 2090 559 2143; x_wconf 70' lang='lat' dir='ltr'><em>facizmdum</em></span> <span class='ocrx_word' id='word_1_261' title='bbox 598 2091 707 2144; x_wconf 84' lang='lat' dir='ltr'><em>effet,</em></span> <span class='ocrx_word' id='word_1_262' title='bbox 748 2092 791 2146; x_wconf 89' lang='lat' dir='ltr'><em>se</em></span> <span class='ocrx_word' id='word_1_263' title='bbox 825 2090 1109 2132; x_wconf 81' lang='lat' dir='ltr'><em>deliberaturos</em></span> <span class='ocrx_word' id='word_1_264' title='bbox 1141 2090 1222 2144; x_wconf 84' lang='lat' dir='ltr'><em>effe.</em></span> <span class='ocrx_word' id='word_1_265' title='bbox 1277 2092 1426 2133; x_wconf 85' lang='lat' dir='ltr'><em>Antio·</em></span> 
     </span>
     <span class='ocr_line' id='line_1_39' title="bbox 99 2149 1426 2204; baseline 0.002 -18"><span class='ocrx_word' id='word_1_266' title='bbox 99 2149 214 2197; x_wconf 87' lang='lat' dir='ltr'><em>chus,</em></span> <span class='ocrx_word' id='word_1_267' title='bbox 238 2163 333 2186; x_wconf 84' lang='lat' dir='ltr'><em>cum</em></span> <span class='ocrx_word' id='word_1_268' title='bbox 355 2149 409 2188; x_wconf 89' lang='lat' dir='ltr'><em>ad</em></span> <span class='ocrx_word' id='word_1_269' title='bbox 431 2149 634 2198; x_wconf 70' lang='lat' dir='ltr'><em>Chalcidis</em></span> <span class='ocrx_word' id='word_1_270' title='bbox 658 2149 924 2204; x_wconf 76' lang='lat' dir='ltr'><em>praesidium,</em></span> <span class='ocrx_word' id='word_1_271' title='bbox 948 2161 989 2189; x_wconf 90' lang='lat' dir='ltr'><em>et</em></span> <span class='ocrx_word' id='word_1_272' title='bbox 1007 2149 1197 2189; x_wconf 80' lang='lat' dir='ltr'><em>Achaeos</em></span> <span class='ocrx_word' id='word_1_273' title='bbox 1218 2160 1258 2188; x_wconf 88' lang='lat' dir='ltr'><em>et</em></span> <span class='ocrx_word' id='word_1_274' title='bbox 1275 2150 1426 2190; x_wconf 86' lang='lat' dir='ltr'><em>Eume-</em></span> 
     </span>
     <span class='ocr_line' id='line_1_40' title="bbox 99 2206 1427 2260; baseline 0.002 -16"><span class='ocrx_word' id='word_1_275' title='bbox 99 2220 202 2244; x_wconf 83' lang='lat' dir='ltr'><em>nem</em></span> <span class='ocrx_word' id='word_1_276' title='bbox 232 2220 373 2260; x_wconf 83' lang='lat' dir='ltr'><em>regern</em></span> <span class='ocrx_word' id='word_1_277' title='bbox 403 2206 553 2248; x_wconf 67' lang='lat' dir='ltr'><em>misisse</em></span> <span class='ocrx_word' id='word_1_278' title='bbox 580 2207 777 2256; x_wconf 79' lang='lat' dir='ltr'><em>audisset,</em></span> <span class='ocrx_word' id='word_1_279' title='bbox 807 2207 1108 2247; x_wconf 78' lang='lat' dir='ltr'><em>maturandum</em></span> <span class='ocrx_word' id='word_1_280' title='bbox 1137 2218 1271 2257; x_wconf 82' lang='lat' dir='ltr'><em>ratus,</em></span> <span class='ocrx_word' id='word_1_281' title='bbox 1311 2219 1356 2246; x_wconf 88' lang='lat' dir='ltr'><em>ut</em></span> <span class='ocrx_word' id='word_1_282' title='bbox 1385 2217 1427 2246; x_wconf 87' lang='lat' dir='ltr'><em>et</em></span> 
     </span>
     <span class='ocr_line' id='line_1_41' title="bbox 96 2260 1426 2319; baseline 0.002 -17"><span class='ocrx_word' id='word_1_283' title='bbox 96 2264 402 2317; x_wconf 78' lang='lat' dir='ltr'><em>praevenirent</em></span> <span class='ocrx_word' id='word_1_284' title='bbox 423 2260 503 2313; x_wconf 80' lang='lat' dir='ltr'><em>sui,</em></span> <span class='ocrx_word' id='word_1_285' title='bbox 544 2276 585 2303; x_wconf 85' lang='lat' dir='ltr'><em>et</em></span> <span class='ocrx_word' id='word_1_286' title='bbox 606 2266 851 2314; x_wconf 85' lang='lat' dir='ltr'><em>venientes,</em></span> <span class='ocrx_word' id='word_1_287' title='bbox 890 2265 920 2303; x_wconf 85' lang='lat' dir='ltr'><strong>fi</strong></span> <span class='ocrx_word' id='word_1_288' title='bbox 941 2263 1128 2318; x_wconf 80' lang='lat' dir='ltr'><em>possent,</em></span> <span class='ocrx_word' id='word_1_289' title='bbox 1166 2266 1426 2319; x_wconf 79' lang='lat' dir='ltr'><em>exciperent,</em></span> 
     </span>
     <span class='ocr_line' id='line_1_42' title="bbox 98 2321 1425 2375; baseline 0.002 -16"><span class='ocrx_word' id='word_1_290' title='bbox 98 2321 348 2375; x_wconf 78' lang='lat' dir='ltr'><em>Menippum</em></span> <span class='ocrx_word' id='word_1_291' title='bbox 378 2336 473 2359; x_wconf 85' lang='lat' dir='ltr'><em>cum</em></span> <span class='ocrx_word' id='word_1_292' title='bbox 497 2323 626 2361; x_wconf 78' lang='lat' dir='ltr'><em>tribus</em></span> <span class='ocrx_word' id='word_1_293' title='bbox 649 2322 785 2364; x_wconf 63' lang='lat' dir='ltr'><em>femme</em></span> <span class='ocrx_word' id='word_1_294' title='bbox 811 2323 996 2361; x_wconf 83' lang='lat' dir='ltr'><em>millibus</em></span> <span class='ocrx_word' id='word_1_295' title='bbox 1017 2322 1219 2371; x_wconf 84' lang='lat' dir='ltr'><em>militum,</em></span> <span class='ocrx_word' id='word_1_296' title='bbox 1259 2335 1299 2362; x_wconf 89' lang='lat' dir='ltr'><em>et</em></span> <span class='ocrx_word' id='word_1_297' title='bbox 1328 2338 1425 2362; x_wconf 85' lang='lat' dir='ltr'><em>cum</em></span> 
     </span>
     <span class='ocr_line' id='line_1_43' title="bbox 98 2377 1424 2434; baseline 0.003 -18"><span class='ocrx_word' id='word_1_298' title='bbox 98 2379 218 2417; x_wconf 85' lang='lat' dir='ltr'><em>omni</em></span> <span class='ocrx_word' id='word_1_299' title='bbox 249 2377 373 2417; x_wconf 67' lang='lat' dir='ltr'><em>etasse</em></span> <span class='ocrx_word' id='word_1_300' title='bbox 404 2379 709 2432; x_wconf 84' lang='lat' dir='ltr'><em>Polyxenidam</em></span> <span class='ocrx_word' id='word_1_301' title='bbox 737 2381 876 2420; x_wconf 87' lang='lat' dir='ltr'><em>mittit.</em></span> <span class='ocrx_word' id='word_1_302' title='bbox 913 2379 999 2433; x_wconf 78' lang='lat' dir='ltr'><em>ipse</em></span> <span class='ocrx_word' id='word_1_303' title='bbox 1033 2393 1184 2433; x_wconf 84' lang='lat' dir='ltr'><em>paucos</em></span> <span class='ocrx_word' id='word_1_304' title='bbox 1214 2380 1305 2434; x_wconf 82' lang='lat' dir='ltr'><em>post</em></span> <span class='ocrx_word' id='word_1_305' title='bbox 1334 2379 1424 2420; x_wconf 85' lang='lat' dir='ltr'><em>dies</em></span> 
     </span>
     <span class='ocr_line' id='line_1_44' title="bbox 87 2435 1425 2494; baseline 0.001 -19"><span class='ocrx_word' id='word_1_306' title='bbox 87 2435 167 2476; x_wconf 65' lang='lat' dir='ltr'><em>&#39;sex</em></span> <span class='ocrx_word' id='word_1_307' title='bbox 185 2436 318 2477; x_wconf 83' lang='lat' dir='ltr'><em>miHia</em></span> <span class='ocrx_word' id='word_1_308' title='bbox 338 2435 508 2479; x_wconf 78' lang='lat' dir='ltr'><em>suorum</em></span> <span class='ocrx_word' id='word_1_309' title='bbox 528 2439 726 2490; x_wconf 84' lang='lat' dir='ltr'><em>militum,</em></span> <span class='ocrx_word' id='word_1_310' title='bbox 756 2448 799 2479; x_wconf 82' lang='lat' dir='ltr'><em>et</em></span> <span class='ocrx_word' id='word_1_311' title='bbox 817 2452 871 2478; x_wconf 89' lang='lat' dir='ltr'><em>ex</em></span> <span class='ocrx_word' id='word_1_312' title='bbox 892 2451 942 2479; x_wconf 87' lang='lat' dir='ltr'><em>ea</em></span> <span class='ocrx_word' id='word_1_313' title='bbox 962 2436 1106 2494; x_wconf 60' lang='lat' dir='ltr'><em>copia,</em></span> <span class='ocrx_word' id='word_1_314' title='bbox 1128 2451 1234 2494; x_wconf 84' lang='lat' dir='ltr'><em>quae</em></span> <span class='ocrx_word' id='word_1_315' title='bbox 1256 2439 1425 2477; x_wconf 82' lang='lat' dir='ltr'><em>Lamiae</em></span> 
     </span>
    </p>
   </div>
   <div class='ocr_carea' id='block_1_11' title="bbox 1272 2497 1466 2550">
    <p class='ocr_par' dir='ltr' id='par_1_12' title="bbox 1272 2497 1466 2550">
     <span class='ocr_line' id='line_1_45' title="bbox 1272 2497 1466 2550; baseline -0.005 -13"><span class='ocrx_word' id='word_1_316' title='bbox 1272 2497 1423 2550; x_wconf 74' lang='lat' dir='ltr'><em>repen·</em></span> <span class='ocrx_word' id='word_1_317' title='bbox 1459 2499 1466 2514; x_wconf 77' lang='grc'><strong><em>”</em></strong></span> 
     </span>
    </p>
   </div>
  </div>
 </body>
</html>
