1548 2703
298 70 337 110 'L
349 68 461 108 IBE
473 69 512 108 R
541 67 705 108 XXXII.
786 69 819 107 C
831 80 854 106 Α
867 81 898 106 ι’.
915 89 923 95 »
942 67 1038 106 XII.
1067 67 1180 105 XIII.
1222 75 1225 77 “
1352 70 1407 117 57

85 124 664 188 μ-ῗζ-,ξὲῲ
779 151 814 175 a.
836 137 881 175 C.
903 136 958 175 N.
985 141 1077 188 198.

89 210 192 270 cuti,
221 220 440 260 caedentes
460 206 760 271 spoliantesque
781 215 925 266 caesos,
960 215 1093 254 castra
1123 217 1248 271 regia,
1284 217 1412 258 etiam

89 277 179 319 fine
218 276 507 317 defensoribus
543 273 705 313 difficili
742 272 880 323 aditu,
931 271 1162 327 diripiunt:
1211 286 1332 330 atque
1362 289 1414 316 ea

89 346 215 376 nocte
235 336 286 375 in
314 335 394 375 suis
413 332 556 373 castris
575 331 833 370 manserunt.

371 410 376 425 1
1312 420 1314 423 .

111 495 119 502 x
201 449 316 490 XIII.
375 448 539 489 Postero
561 445 630 486 die
658 446 804 497 'consul
832 459 910 501 per
930 444 1035 498 ipsas
1065 447 1290 500 angustias,
1331 460 1412 500 qua

90 506 133 548 se
157 504 274 546 inter
294 507 418 548 valles
438 507 598 546 flumen
624 504 831 553 insinuat,
876 504 1036 543 hostem
1064 505 1259 558 sequitur.
1317 506 1413 544 Rex
1459 550 1464 557 ⁸

90 565 232 620 primo
255 563 324 603 die
345 563 399 603 ad
421 563 563 604 Castra
583 563 735 620 Pyrrhi
763 562 972 616 pervenit.
1019 562 1156 612 locuS‚
1211 577 1337 616 quem
1354 563 1414 602 ita

91 632 268 671 vocant,
296 621 353 660 est
373 622 423 662 in
445 620 671 674 Triphylia
688 632 826 660 terrae
845 619 1070 660 Melotidis.
1120 620 1225 660 inde
1246 620 1412 674 postero

91 679 162 719 die
184 680 351 733 (ingens
370 679 451 718 iter
471 678 667 732 agminis,
698 676 770 717 sed
788 688 920 716 metus
942 679 1130 731 urgebat)
1148 678 1197 717 in
1218 690 1412 717 montem

91 738 258 790 Lingon
277 737 477 791 perrexit.
521 735 597 789 ipfi
614 747 780 775 montes
799 735 921 789 Epiri
937 735 1056 785 sunt,
1094 736 1307 790 interjecti
1327 738 1413 776 Ma-

91 794 294 834 cedoniae
323 793 649 846 Thessaliaeque.
709 795 851 842 Latus,
891 792 1003 846 quod
1023 794 1155 846 vergit
1174 794 1222 844 in
1244 793 1413 832 Thessa-

90 852 214 902 liam,
254 851 395 891 oriens
413 852 588 905 spectat:
634 850 873 905 septemtrio
894 865 918 889 a
936 851 1186 890 Macedonia
1207 851 1412 907 objicitur.

89 909 237 950 Vestiti
270 908 557 963 &equentibus
597 908 704 949 silvis
751 909 858 948 sunt.
916 909 1009 962 juga
1045 909 1209 948 summa
1243 922 1413 963 campos

88 977 279 1022 patentes
315 980 517 1020 aquasque
554 979 769 1019 perennes
808 966 980 1005 habent.
1041 967 1107 1006 Ibi
1142 967 1296 1007 stativis
1333 980 1414 1006 rex

89 1037 169 1079 per
197 1025 353 1078 aliquot
380 1023 468 1063 dies
498 1024 674 1073 habitis,
722 1024 934 1064 fluctuatus
976 1024 1120 1063 animo
1148 1025 1225 1074 est,
1269 1036 1412 1064 utrum

89 1082 286 1136 protinus
309 1082 359 1120 in
376 1095 559 1135 regnum
590 1082 631 1121 se
652 1081 883 1135 reciperet,
919 1095 976 1120 an
995 1082 1152 1122 reverti
1172 1083 1220 1121 in
1242 1083 1412 1122 Thessa-

88 1139 191 1179 liam
210 1139 354 1193 posset.
421 1139 646 1179 inclinavit
666 1138 900 1188 sententia,
939 1138 1058 1180 suum
1085 1141 1134 1179 in
1156 1141 1412 1181 Thessaliam

88 1210 240 1250 agmen
263 1195 504 1245 demittere,
544 1196 820 1250 Triccamque
838 1197 1043 1249 proximis
1061 1198 1260 1237 limitibus
1287 1198 1410 1253 petit:

89 1253 194 1294 inde
228 1254 366 1294 obvias
406 1256 530 1293 urbes
566 1254 724 1307 raptim
754 1254 1003 1307 peragravit.
1066 1255 1292 1305 Homines,
1342 1255 1413 1309 qui

87 1311 200 1365 sequi
221 1311 409 1365 possent,
442 1309 606 1350 sedibus
628 1311 815 1350 excibat:
857 1312 1013 1365 oppida
1031 1312 1310 1353 incendebat:
1335 1327 1411 1352 <re-

87 1383 184 1409 rum
206 1368 371 1408 suarum
386 1397 398 1418 ‚
429 1381 526 1422 quas
549 1369 737 1421 possent,
763 1368 1041 1409 ferendarum
1066 1371 1204 1410 secum
1225 1370 1412 1411 dominis

85 1427 147 1484 ius
168 1427 312 1466 fiebat:
341 1436 478 1465 cetera
495 1426 638 1465 militis
656 1425 815 1480 praeda
837 1438 936 1466 erat.
968 1442 1062 1477 nec,
1092 1429 1204 1482 quod
1226 1431 1276 1469 ab
1294 1429 1412 1468 hoste

88 1483 296 1525 crudelius
325 1484 412 1538 pati
443 1483 633 1537 possent,
683 1484 836 1537 reliqui
874 1484 1102 1538 quidquam
1137 1485 1238 1536 suit,
1285 1501 1411 1541 quam

87 1556 190 1597 quae
213 1544 263 1581 ab
283 1541 400 1580 sociis
419 1542 700 1595 patiebantur.
747 1542 860 1581 Haec
880 1544 1004 1581 etiam
1024 1543 1196 1583 facienti
1218 1545 1412 1599 Philippo

87 1602 237 1639 acerba
257 1609 404 1648 erant,
432 1598 504 1637 sed
527 1612 549 1637 e
568 1609 694 1648 terra,
727 1614 828 1638 mox
848 1597 989 1640 futura
1008 1601 1201 1652 hostium,
1231 1617 1412 1657 corpora

90 1657 236 1700 saltem
264 1657 429 1711 eripere
456 1656 665 1695 sociorum
693 1657 870 1696 volebat.
928 1658 987 1697 ita
1009 1659 1184 1699 evastata
1213 1660 1311 1700 sunt
1340 1675 1410 1715 op-

88 1714 212 1770 pida,
259 1710 477 1763 Phaciuni,
517 1712 686 1763 Iresiae,
723 1713 1014 1767 Euhydrium,
1050 1716 1239 1767 Eretria,
1279 1719 1410 1757 Palae·

85 1773 258 1827 pharus.
320 1772 471 1812 Pheras
491 1786 587 1811 cum
606 1782 788 1825 peteret,
819 1773 1024 1822 exclusus,
1064 1775 1159 1827 quia
1178 1789 1245 1815 res
1266 1778 1411 1829 egebat

85 1843 228 1878 mora,
251 1827 281 1867 fi
301 1842 542 1883 expugnare
562 1830 723 1878 vellet‚'
749 1844 832 1868 nec
851 1841 1012 1884 tempus
1034 1844 1145 1882 erat,
1175 1833 1322 1873 omisso
1346 1834 1410 1872 in-

87 1899 220 1941 cepto,
249 1886 299 1925 in
316 1886 610 1926 Macedoniam
633 1887 908 1928 transcendit.
968 1888 1079 1928 Nam
1100 1890 1226 1930 etiam
1240 1890 1411 1932 Aetolos

86 1944 430 1999 appropinquare
462 1943 575 1983 fama
605 1955 706 1983 erat.
766 1944 857 1998 qui,
901 1945 1045 1986 'audito
1074 1949 1260 2001 proelio,
1298 1947 1411 2002 quod

20 2013 24 2014 ⁷
83 2003 197 2042 circa
217 2015 389 2040 amnem
407 1999 547 2041 Aoum
565 2000 723 2041 factum
748 2014 858 2052 erat,
897 2005 1102 2057 proximis
1123 2006 1239 2059 prius
1259 2006 1409 2047 evasta-

84 2059 137 2099 tis
176 2059 288 2098 circa
325 2058 544 2113 Sperchias
573 2071 613 2098 et
641 2061 820 2099 Macran
846 2061 989 2114 (quam
1025 2065 1196 2114 vocant)
1235 2066 1411 2114 Comen,

84 2115 325 2170 transgressi
357 2115 461 2155 inde
508 2117 557 2156 in
593 2116 870 2166 Thessaliam,
926 2120 1125 2172 Cymines
1163 2132 1204 2160 et
1242 2120 1412 2176 Angeas

82 2174 225 2229 primo
252 2173 414 2227 impetu
445 2173 572 2228 potiti‘
596 2175 705 2214 sunt.
766 2190 789 2215 a
817 2177 1065 2230 Metropoli,
1118 2177 1220 2220 dum
1247 2180 1412 2220 vastant

86 2245 229 2285 agros,
276 2232 482 2271 concursu
497 2231 813 2286 oppidanorum
841 2232 895 2272 ad
916 2235 1073 2275 tuenda
1096 2237 1267 2276 moenia
1285 2236 1410 2286 facto,

83 2288 236 2342 repulsi
253 2288 361 2329 sunt.
421 2290 650 2329 Callithera
677 2290 782 2330 inde
813 2291 997 2344 aggressi,
1017 2292 1193 2334 similem
1214 2295 1412 2349 inpetum

87 2345 401 2398 oppidanorum
445 2347 701 2403 pertinacius
744 2348 1054 2389 sustinuerunt:
1113 2351 1412 2407 compulsisque

85 2401 201 2444 intra
221 2404 409 2457 moenia,
437 2405 507 2457 qui
528 2416 780 2459 eruperant,
810 2408 1006 2446 contenti
1025 2423 1073 2448 ea
1088 2410 1286 2458 victoria,
1317 2409 1418 2463 quia,

85 2458 178 2514 spes
216 2461 336 2501 nulla
375 2460 607 2513 admodum
644 2463 922 2520 expugnandi
952 2477 1064 2517 erat,
1116 2468 1413 2509 abscesserunt.

472 2539 476 2543 ·
811 2520 858 2562 D
886 2524 916 2570 5
1062 2558 1066 2562 .
1271 2524 1410 2564 Theu-
