1548 2703
108 79 192 123 350
275 73 482 114 LIBER
522 73 763 115 xxxvmj
813 75 925 114 CAP'.
947 75 1114 116 XXXII.
1137 74 1327 114 XXXIII.

389 146 437 183 U.
463 146 509 186 C.
532 147 627 191 563.
758 196 761 202 Ι
862 160 898 201 a·⁴
921 146 964 183 C.
985 146 1038 183 N.
1071 151 1161 198 189.

109 241 202 264 rum
228 222 412 262 fuerunt.
478 226 571 277 qui,
603 224 847 264 dissidentes
868 225 917 263 in
949 227 1190 278 republica,
1232 236 1321 264 tum
1343 239 1454 278 quo--

109 297 190 335 que
210 284 386 321 minime
411 283 526 321 inter
546 282 587 320 se
617 283 926 322 convenientes
949 282 1160 322 orationes
1182 284 1436 322 habuerunt.

106 340 358 395 Diophanes
382 340 543 379 senatui
573 339 922 393 disceptationem
952 344 1143 379 omnium
1173 355 1316 379 rerum
1346 353 1439 393 per-

107 401 320 437 mittebat:
353 412 420 437 eos
443 398 599 451 optime
620 397 923 436 controversias
947 396 1062 436 inter
1083 397 1275 437 Achaeos
1295 411 1344 436 ac
1365 399 1439 436 La-

108 456 404 496 cedaemonios
430 455 620 494 finituros
642 454 740 497 esse,
799 457 996 508 Lycortas
1019 469 1072 494 ex
1093 455 1324 508 praeceptis
1346 455 1438 494 Phi-

106 515 369 567 lopoemenis
390 513 644 567 postulabat,
674 524 718 551 ut
738 512 922 552 Achaeis
945 527 998 551 ex
1016 512 1188 552 foedere
1211 527 1259 551 ac
1277 513 1437 566 legibus

108 573 211 620 suis,
242 586 345 624 quae
369 570 628 620 decressent,
667 585 790 623 agere
811 572 979 610 liceret:
1018 571 1340 624 libertatemque
1362 569 1449 625 fibi-

105 632 319 677 illibatam,
342 630 457 682 cujus
478 628 552 682 ipfi
571 639 759 667 auctores
781 628 928 677 essent,
949 627 1225 682 praestarent.
1255 631 1437 682 Magnae

108 688 361 729 auctoritatis
386 687 498 740 apud
530 688 745 725 Romanos
773 697 860 724 tum
890 700 992 739 gens
1022 684 1290 726 Achaeorum
1324 697 1449 725 erat:

106 747 255 787 novari
283 756 426 784 tamen
449 744 557 783 nihil
583 743 634 783 de
649 743 993 783 Lacedaemoniis
1014 745 1214 796 placebat.
1247 755 1435 784 ceterum

105 803 352 857 responsum
373 803 430 841 ita
451 804 698 856 perplexum
724 801 813 850 fuit,
844 812 888 839 ut
908 811 950 840 et
969 800 1128 840 Achaei
1147 801 1222 842 fibi
1241 801 1294 842 de
1314 805 1438 842 Laee-

106 863 320 901 daemone
349 859 593 913 p'ermissum
623 860 887 912 acciperent3
920 869 961 897 et
987 858 1311 899 Lacedaemonii
1340 874 1435 900 non

107 921 251 959 omnia
281 917 476 956 concessa
501 918 550 956 iis
582 918 980 970 interpretarentur.
1024 917 1104 956 hac
1130 917 1331 971 potestate
1358 920 1433 958 im-

105 977 273 1018 modice
293 975 454 1014 Achaei
474 989 521 1014 ae
546 974 723 1027 superbe
744 974 802 1014 ufi
823 973 931 1013 sunt.

218 1091 405 1131 XXXIII.
438 1088 753 1143 Philopoemeni
773 1089 1046 1129 continuatur
1057 1088 1337 1143 magistratum
1362 1089 1434 1143 qui

105 1151 217 1192 veris
234 1149 380 1196 initio,
414 1149 597 1187 exercitu
622 1148 804 1196 indicto,
836 1148 964 1187 castra
983 1151 1032 1187 in
1057 1150 1210 1188 finibus
1231 1146 1439 1187 Lacedae·
1461 1170 1463 1174 ι

105 1209 348 1247 moniorum
382 1206 527 1259 posuit.
570 1207 721 1259 legatos
745 1205 902 1245 deiude
929 1206 1039 1245 milit
1069 1206 1122 1255 ad
1143 1203 1432 1259 deposcendos

105 1276 293 1305 auctores
315 1263 589 1312 defectionis,
623 1275 662 1303 et
680 1265 890 1303 civitatem
910 1263 958 1302 in
979 1278 1081 1317 pace
1100 1263 1281 1302 suturam
1294 1291 1305 1311 ‚
1339 1262 1369 1302 fi
1389 1261 1445 1302 id'

104 1322 323 1370 fecissent,
351 1322 556 1375 pollicens
570 1352 581 1370 ,
613 1333 654 1360 et
672 1322 762 1361 illos
781 1322 889 1359 nihil
909 1321 1071 1361 indicta
1092 1320 1211 1360 causa
1230 1319 1444 1374 passuros.v

106 1380 326 1421 Silentium
360 1393 461 1432 prae
488 1390 601 1417 metu
630 1390 865 1418 ceterorum
894 1378 982 1418 suit.
1044 1393 1145 1431 quos
1175 1374 1434 1417 nominatim

102 1437 417 1491 depoposcerat,
449 1437 524 1488 ipfi
549 1436 588 1475 se
610 1438 738 1476 ituros
759 1436 927 1491 professi
948 1436 1066 1484 sunt;
1092 1435 1173 1475 fide
1194 1437 1362 1489 accepta
1382 1437 1432 1474 ab

102 1497 269 1550 legatis,
302 1495 383 1533 vim
408 1494 658 1543 abfuturam,
691 1493 828 1533 donec
848 1493 1011 1532 causam
1034 1493 1246 1532 dixissent.
1287 1494 1433 1531 ierunt

102 1555 174 1593 alii
195 1555 319 1592 etiam
341 1550 516 1590 illustres
538 1553 638 1602 viri,
672 1563 711 1590 et
731 1551 919 1591 advocati
941 1552 1114 1604 privatis
1130 1580 1140 1598 ,
1166 1561 1206 1589 et
1224 1551 1320 1603 quia
1340 1563 1434 1604 per-

104 1613 244 1651 tinere
266 1609 427 1649 causam
446 1623 591 1647 eorum
613 1609 665 1647 ad
685 1610 985 1662 rempublicam
1007 1608 1248 1647 censebant.
1310 1608 1433 1646 Nun-

105 1684 231 1724 quam
252 1669 349 1707 alias
364 1666 522 1707 exsules
545 1665 971 1705 Laccdaemonio'rum
985 1667 1143 1705 Achaei
1155 1665 1289 1706 secum
1303 1660 1440 1704 adda--

102 1737 258 1767 xerant
278 1727 327 1765 in
345 1725 465 1774 fines,
497 1727 592 1778 quia
611 1726 718 1763 nihil
740 1738 870 1778 aeque
891 1725 1167 1762 alienaturum
1191 1725 1357 1762 animos
1375 1723 1432 1762 ci-

101 1786 238 1826 vitatis
259 1782 492 1823 videbatur.
526 1794 627 1823 tunc
647 1783 850 1821 exercitus
872 1782 994 1820 totius
1015 1796 1146 1835 prope
1164 1780 1432 1834 antesignani

103 1841 264 1882 exsules
285 1851 420 1879 erant.
483 1841 514 1878 Ii
538 1841 806 1879 venientibus
830 1838 1171 1878 Lacedaemoniis
1194 1838 1246 1877 ad
1265 1849 1430 1892 portam

101 1899 331 1940 castrorum
358 1897 524 1951 agmine
548 1897 656 1935 facto
678 1908 964 1936 occurrerunt.
1004 1907 1045 1934 et
1065 1895 1431 1949 primo‘lacessere

98 1958 267 2012 jurgiis:
292 1955 449 2003 deinde
463 1957 733 1994 altercatione
746 1965 847 2003 orta,
873 1968 966 1992 cum
981 1952 1427 2004 accentlerenturirae‚

97 2013 342 2055 ferocissimi
361 2013 546 2053 exsulum
570 2014 771 2065 impetum
786 2013 832 2050 in
858 2011 1206 2050 Lacedaemonios
1219 2010 1426 2050 fecerunt.

101 2075 207 2113 Cum
229 2074 292 2112 illi
311 2071 428 2111 Deos
450 2082 489 2109 et
512 2070 638 2110 fidem
665 2072 892 2122 legatorum
921 2069 1195 2117 testarentur,
1233 2079 1274 2108 et
1302 2069 1428 2121 legati

100 2142 143 2171 et
161 2141 332 2184 praetor
352 2129 631 2168 summoveret
652 2130 807 2173 turbas,
832 2137 873 2165 et
894 2137 1132 2180 protegeret
1151 2124 1427 2165 Lacedaemo.

98 2189 215 2237 nios,
246 2188 498 2240 vinculaque
527 2188 608 2240 jam
633 2184 833 2238 quosdam
864 2184 1103 2234 injicientes
1125 2193 1307 2231 arceret,
1338 2196 1427 2223 cre-

97 2246 237 2285 scebat
258 2246 438 2283 tumultu
459 2245 665 2283 concitato
686 2245 820 2280 turba.
882 2241 935 2279 Et
952 2241 1112 2280 Achaei
1142 2240 1195 2278 ad
1219 2239 1240 2277 s
1240 2247 1425 2292 pectacuss

93 2305 186 2343 lum
206 2302 344 2356 primo
365 2303 690 2340 concurrebant.
749 2298 907 2337 deinde
929 2298 1256 2339 vociferantibus
1276 2297 1425 2338 exsuli-

95 2363 196 2410 bus,
227 2374 334 2413 quae
367 2359 466 2412 passi
488 2359 652 2406 forent,
696 2367 736 2395 et
753 2358 970 2395 orantibus
994 2369 1116 2409 opem
1131 2385 1142 2404 ,
1175 2354 1427 2395 affirmanti-

92 2420 253 2472 busque
287 2417 402 2455 simu]
418 2445 429 2465 ,
479 2416 689 2469 Nunquam
727 2413 837 2452 talem
867 2411 1083 2461 occasionem
1112 2410 1342 2463 habituros,
1386 2412 1427 2461 fi·

94 2490 173 2517 eam
213 2471 575 2529 praetermififfent:
611 2470 783 2528 foedus,
833 2469 938 2524 quod
975 2474 1017 2512 in
1049 2468 1270 2525 Capitolio,
1319 2470 1425 2524 quod

1543 0 1546 55 Ι

1544 177 1548 230 2

1294 2527 1424 2584 Olym·
1470 2545 1474 2548 ·
1533 2552 1535 2554 ·
