1548 2703
161 57 368 100 LIBER
397 55 581 98 XXXVI.
640 56 753 96 Cn.
776 54 921 96 XXIX.
943 55 1064 96 XXX.
1086 55 1230 96 XXXI.
1290 55 1372 108 249

333 129 388 166 U.
413 129 456 166 C.
485 129 581 168 561.
788 139 825 162 a.
847 127 890 164 C.
916 126 967 164 N.
997 139 1087 180 191.
1362 156 1365 158 >

53 207 133 258 est,
177 207 373 260 nondum
407 206 602 246 convivio
632 205 815 245 dimisso.
876 205 1001 257 Quod
1031 207 1099 244 ubi
1132 207 1374 244 nuntiatum

51 263 132 315 est,
164 267 279 308 velut
304 263 503 318 hospitis,
540 277 632 302 non
659 263 811 311 hostis,
852 263 1038 302 adventu
1066 275 1198 302 motus
1222 264 1373 316 Philip-

47 336 152 378 pus,
197 323 444 362 accumbere
477 334 573 359 eum
602 321 847 374 epularique
883 319 1056 373 jussum,
1106 332 1227 374 atque
1252 320 1371 369 inde,

48 378 226 420 dimiffis
244 380 357 428 aliis,
393 378 524 417 solum
551 389 788 426 retentum,
829 377 962 431 ipsum
985 378 1156 432 quidem
1186 378 1237 416 de
1264 378 1305 417 se
1327 379 1374 416 ti-

45 452 167 478 mere
189 437 416 492 quidquam
437 435 578 475 vetuit.
622 435 870 474 Aetolorum
892 450 1019 490 prava
1045 435 1228 483 consilia,
1251 447 1373 489 atque

49 496 99 537 in
123 494 309 549 ipsorum
326 504 448 547 caput
469 491 634 546 semper
652 492 909 541 recidentia,
937 493 1162 532 accusavit:
1200 494 1270 545 qui
1289 494 1372 546 pri-

50 568 164 593 mum
180 554 408 600 Romanos,
432 549 589 590 deinde
601 549 859 591 Antiochum
880 550 928 589 in
939 552 1162 590 Graeciam
1183 549 1373 588 adduxis-

51 610 154 650 sent.
216 609 291 649 Sed
315 606 645 661 praeteritorum,
687 621 783 660 quae
811 610 930 662 magis
960 606 1219 656 reprehendi,
1265 621 1374 659 quam

50 670 226 723 corrigi,
275 665 441 721 possint,
482 663 638 705 oblitum
656 665 720 718 se,
772 679 847 704 non
870 664 1091 717 facturum,
1142 678 1186 704 ut
1216 664 1373 719 insultet

48 722 220 771 adversis
243 724 355 763 rebus
377 735 519 762 eorum.
580 722 732 761 Aetolos
754 735 904 774 quoque
924 721 1043 773 fin‘ire
1066 722 1214 762 tandem
1234 722 1374 761 adver-

41 784 110 838 sus
125 782 171 836 se
205 783 290 823 odia
321 780 484 825 debere;
526 792 562 818 et
584 779 825 819 Nicandrum
851 783 1035 831 privatim
1056 782 1133 834 ejus
1155 780 1256 829 diei,
1296 792 1373 831 quo

39 841 221 894 servatus
251 854 272 878 a
292 837 336 892 se
357 837 498 890 fbret,
534 836 748 888 mmnimffb.
808 839 868 876 Ita
890 836 1020 887 datis,
1061 839 1131 891 qui
1162 839 1208 876 in
1236 848 1372 875 tutum

50 912 147 938 eum
165 896 541 952 prosequerentur,
571 895 604 932 Η
615 908 779 946 ypatam
800 895 1017 935 Nicander
1039 894 1372 950 consultantibus

50 955 102 995 de
120 968 223 1010 pace
244 951 441 994 Romana
461 952 582 1007 super
591 953 715 991 venit.

161 1071 284 1111 XXX.
343 1070 413 1109 Μ’.
447 1067 628 1117 Acilius,
675 1067 871 1117 vendita,
920 1078 987 1107 aut
1029 1066 1220 1107 concessa
1248 1068 1372 1108 militi

32 1129 160 1168 *eirca
190 1127 432 1167 Heracleam
463 1125 641 1180 praeda,
680 1125 892 1179 postquam
917 1140 997 1165 nec
1019 1127 1207 1179 Hypatae
1227 1135 1372 1180 pacata

49 1185 130 1225 esse
151 1184 336 1233 consilia,
366 1195 405 1222 et
424 1183 684 1236 Naupactum
710 1182 967 1222 concurrisse
986 1182 1170 1233 Aetolos,
1202 1195 1245 1222 ut
1266 1182 1371 1222 inde

47 1254 178 1282 toturn
202 1244 402 1296 impetum
425 1241 524 1279 belli
544 1239 812 1289 sustinerent,
833 1240 1012 1290 audivit3
1040 1240 1264 1294 praemisso
1287 1240 1368 1293 Ap.

49 1300 222 1344 Claudio
262 1314 357 1338 cum
397 1308 571 1352 quatuor
609 1299 793 1337 millibus
823 1300 1000 1336 militum
1033 1298 1088 1337 ad
1125 1298 1370 1352 occupanda

44 1358 153 1413 juga,
179 1371 260 1411 qua
284 1355 475 1395 difficiles
496 1356 693 1394 transitus
716 1357 924 1394 montium
944 1367 1079 1405 erant,
1111 1355 1197 1409 ipse
1220 1358 1369 1396 Oetam

46 1414 251 1464 aseendit,
295 1414 548 1466 Herculique
566 1412 810 1451 sacrificium
826 1413 925 1453 fecit
954 1415 1002 1452 in
1026 1427 1074 1452 eo
1096 1415 1210 1464 loco,
1241 1428 1368 1468 quem

49 1475 220 1526 Pyram,
254 1470 365 1526 quod
385 1471 444 1510 ibi
466 1472 641 1509 mortale
663 1484 811 1524 corpus
834 1471 919 1524 ejus
941 1471 1028 1510 Dei
1047 1471 1094 1510 fit
1123 1483 1367 1521 crematum,

47 1531 274 1584 appellant.
333 1527 437 1581 inde
467 1538 553 1567 toto
585 1530 772 1567 exercitu
801 1527 1011 1582 profectus
1044 1530 1251 1582 reliquum
1286 1531 1368 1569 iter

48 1588 140 1627 satis
160 1586 354 1641 expedito
377 1587 544 1640 agmine
556 1583 667 1625 fecit.
728 1588 787 1625 Ut
807 1586 859 1624 ad
879 1588 1077 1625 Coracem
1099 1586 1157 1626 est
1177 1598 1366 1635 ventum,

47 1646 188 1695 (mons
216 1644 274 1684 est
301 1642 516 1683 altissimus
546 1644 661 1682 inter
690 1644 916 1697 Callipolin
938 1655 978 1684 et
1003 1646 1285 1699 Naupactum)
1308 1644 1367 1685 ibi

47 1715 88 1742 et
105 1703 291 1757 jumenta
311 1702 440 1740 multa
461 1714 514 1740 ex
534 1702 701 1754 agmine
720 1702 990 1755 praecipitata
1004 1716 1099 1741 cum
1122 1702 1215 1755 ipsis
1229 1703 1368 1742 oneri-

45 1762 120 1800 bus
142 1760 248 1810 sunt‚
279 1770 321 1799 et
339 1759 533 1798 homines
554 1761 705 1798 vexati.
762 1759 816 1797 Et
835 1758 957 1798 facile
979 1762 1217 1814 apparebat,
1243 1774 1366 1813 quam

47 1832 142 1871 cium
172 1817 304 1859 inerti
331 1816 446 1856 hoste
474 1830 539 1855 res
572 1815 694 1866 esset,
734 1818 805 1870 qui
831 1828 913 1855 tam
942 1817 1190 1870 impeditum
1219 1817 1367 1856 saltum

46 1874 165 1916 nullo
184 1873 401 1929 praefidio,
423 1884 467 1913 ut
483 1870 695 1914 clauderet
716 1875 951 1923 transitum,
971 1875 1195 1915 insedisset.
1255 1877 1366 1914 Tum

46 1946 211 1989 quoque
243 1941 391 1972 vexato
421 1932 630 1979 exercitu,
669 1930 722 1970 ad
747 1933 1011 1986 Naupactum
1041 1932 1279 1973 descendit:
1311 1944 1366 1982 et,

45 2004 131 2030 uno
152 1988 318 2029 castello
341 1987 534 2028 adversus
552 2002 692 2028 arcem
710 1988 862 2042 posito,
891 2001 1049 2031 ceteras
1077 2003 1215 2045 partes
1237 1987 1384 2040 urhis‚'

45 2046 181 2089 divifis
201 2047 330 2100 copiis
349 2061 426 2100 pro
447 2046 522 2084 fitu
542 2048 772 2096 moenium,
803 2047 1078 2088 circumsedit.
1120 2063 1202 2088 nec
1225 2050 1365 2088 minus

45 2106 184 2160 operis
202 2105 510 2158 laborisque'ea
520 2104 787 2157 oppugnatio,
808 2118 933 2158 quam
949 2107 1187 2156 Heracleae,
1206 2107 1362 2147 habuit.

153 2219 300 2260 XXXI.
358 2219 521 2261 Eodem
532 2230 722 2274 tempore
742 2231 783 2259 et
799 2220 989 2261 Messene
1008 2222 1054 2260 in
1078 2221 1365 2277 Peloponneso

46 2275 99 2314 ab
122 2274 325 2328 Achaeis,
356 2277 468 2331 quod
498 2278 669 2318 concilii
700 2287 844 2317 eorum
870 2278 1076 2318 recusaret
1098 2280 1204 2330 esse,
1236 2295 1366 2333 oppu-

44 2334 167 2386 gnari
185 2345 330 2389 coepta
350 2335 420 2375 est.
464 2335 638 2375 Etenim
656 2334 764 2374 duae
783 2335 980 2384 civitates,
1004 2337 1192 2377 Messene
1210 2349 1250 2377 et
1263 2338 1365 2386 Elis,

46 2400 164 2430 extra
184 2394 411 2433 concilium
422 2391 653 2433 Achaicum
674 2404 817 2432 erant:
838 2408 929 2433 cum
944 2391 1101 2435 Aetolis
1114 2395 1366 2435 sentiebant.

14 2460 20 2463 ⁷
48 2447 138 2488 Elei
155 2458 312 2501 tamen,
334 2450 426 2505 post
445 2449 630 2506 fugatum
652 2464 704 2492 ex
721 2451 903 2494 Graecia
922 2450 1197 2501 Antiochum,
1224 2453 1366 2505 legatis

182 2529 186 2532 ·
727 2507 780 2559 Q
795 2513 822 2561 5
1182 2509 1368 2549 Achaeo.
