1548 2703
153 62 208 103 80
296 59 328 96 L
358 57 378 94 Ῑ
407 56 441 93 Β
470 53 508 92 Ε
536 55 577 92 R
617 55 782 93 XXXII.
843 59 954 96 Cn.
979 60 1138 99 XXXV.
1161 60 1345 101 XXXVI.

453 125 506 162 U.
530 125 571 162 C.
593 130 689 170 555.
891 141 924 164 a.
949 129 991 165 C.
1017 128 1069 166 N.
1096 141 1187 177 107.

155 205 268 244 dum.
312 215 351 243 et
380 218 471 243 eam
504 190 753 257 opinione&
782 204 867 259 ipse
897 205 1145 255 affirmavit,
1178 208 1388 262 petendo,
1417 221 1477 260 ut,

154 263 369 302 summotis
398 262 512 310 aliis,
545 275 602 299 ne
626 271 789 314 tempus
819 263 1062 304 altercando
1087 276 1315 316 tereretur,
1346 278 1387 312 et
1407 267 1480 307 ali-

154 321 244 374 quis
271 320 363 358 finis
384 320 444 358 rei
463 319 628 372 imponi
649 319 803 372 posset,
834 336 927 359 cum
948 321 1035 375 ipso
1055 323 1306 376 imperatore
1326 324 1482 364 Roma·

154 393 214 417 no
242 379 386 416 liceret
417 377 489 416 fibi
520 377 713 428 colloqui.
773 376 823 415 Id
854 379 990 432 primo
1018 393 1110 418 non
1138 392 1376 435 acceptum,
1420 395 1481 422 ne

155 435 322 475 excludi
351 435 557 486 colloquio
589 433 837 473 viderentur
868 436 989 476 socii:
1031 437 1209 487 deinde,
1250 453 1344 477 cum
1366 437 1481 478 haud

154 492 360 532 absisteret
382 503 547 545 petere,
581 506 633 530 ex
653 493 841 531 omnium
870 494 1042 533 consilio
1063 496 1280 535 Romanus
1300 497 1483 550 impera-

153 563 220 590 tor
249 565 342 590 cum
373 549 454 602 Ap.
487 549 658 588 Claudio
691 549 863 589 tribuno
893 553 1097 602 militum,
1130 554 1279 593 ceteris
1303 552 1480 598 summei-

152 610 227 658 tis‚
278 607 332 647 ad
365 619 596 646 extremum
635 608 728 646 litus
771 608 974 662 proceffit.
1045 611 1140 649 Rex
1177 625 1270 649 cum
1303 607 1478 660 duobus,

154 665 418 720 quospridie
441 664 700 714 adhibuerat,
723 667 770 704 in
791 677 946 705 terram
969 665 1027 706 est
1047 667 1241 721 egressus.
1298 669 1363 708 Ibi
1383 682 1480 717 cum

154 722 411 778 aliquamdiu
436 723 592 761 [ecreto
612 724 737 762 locuti
756 723 912 774 essent,
953 740 1058 779 quae
1088 736 1175 764 acta
1201 723 1255 764 ad
1276 723 1367 765 suos
1389 725 1479 767 Phi-

151 784 290 836 lippus
312 781 523 829 retulerit,
557 781 697 819 minus
715 793 975 836 compertum
1000 782 1068 822 est.
1129 783 1352 834 Quinctius
1371 783 1479 831 haec

151 840 294 880 retulit
325 838 376 877 ad
405 838 545 877 socios.
609 837 794 878 Romanis
826 853 907 878 eum
936 839 1068 879 cedere
1099 852 1182 889 tota
1205 838 1477 896 Illyrici‘ora‚

151 896 345 952 perfugas
376 898 598 944 remittere,
640 909 684 934 ac
707 894 740 942 si
778 898 849 950 qui
885 896 999 948 effent
1029 898 1192 950 captivi.
1250 896 1390 937 Attalo
1414 894 1479 938 na-

149 968 236 1002 ves,
285 967 324 992 ec
352 966 436 992 cum
466 955 515 991 iis
546 963 678 1004 captos
707 953 856 992 navales
874 953 1029 1006 socios;
1080 952 1247 995 Rlzooliis
1283 957 1480 1010 regionem

148 1024 259 1064 quam
290 1010 468 1049 Peraeam
501 1021 656 1056 vocant,
705 1009 896 1050 reddere:
940 1008 1041 1063 Jaffo
1080 1024 1118 1050 et
1157 1011 1361 1067 Bargyliis
1401 1025 1478 1052 non

148 1067 349 1121 ceffurum.
376 1106 379 1109 ,
417 1065 564 1106 Aetolis
594 1064 816 1121 Pharsalum
847 1066 1106 1121 Lariffamque
1138 1067 1325 1118 reddere,
1379 1067 1477 1107 lee·

149 1127 214 1165 has
245 1138 321 1164 non
345 1123 525 1164 reddere.
597 1121 779 1172 Achaeis,
827 1138 903 1164 non
936 1125 1060 1180 Argis
1089 1124 1223 1174 modo,
1260 1124 1335 1179 sed
1362 1127 1476 1166 etiam

154 1179 350 1223 Corintho
390 1182 585 1235 ceffurum.
655 1182 774 1221 Nulli
812 1183 1004 1221 onmium
1036 1183 1224 1236 placere,
1273 1183 1471 1236 partium,

147 1241 298 1295 quibus
318 1238 522 1288 cessurus,
554 1250 623 1278 aut
641 1253 735 1278 non
757 1239 939 1280 cess’urus
961 1239 1073 1288 esset,
1102 1238 1345 1279 destinatiot
1384 1239 1474 1293 plus

148 1299 246 1337 enim
274 1299 398 1337 amitti
429 1300 468 1336 in
503 1300 574 1345 iis,
627 1309 738 1350 quam
766 1299 931 1350 acngiri.
990 1311 1056 1336 nec
1089 1310 1274 1350 unquam,
1319 1295 1389 1344 nifi
1417 1310 1474 1338 to-

146 1370 190 1395 ta
230 1354 447 1409 deduxiffet
491 1353 653 1394 Graecia
692 1353 905 1407 praesidia,
965 1354 1088 1410 causas
1121 1356 1370 1394 certaminum
1411 1353 1475 1394 dea

147 1426 310 1467 ponere.

259 1526 443 1567 XXXVI.
495 1528 595 1566 Cum
619 1525 722 1565 haec
743 1537 827 1566 toto
847 1541 901 1566 ex
920 1525 1100 1566 coneilio
1123 1524 1312 1564 certatim
1326 1535 1473 1573 omnes

149 1583 507 1634 vociferarentur,
567 1584 620 1624 ad
651 1585 888 1639 Philippum
919 1597 1083 1637 quoque
1107 1582 1253 1637 procul
1289 1580 1472 1620 stantem

146 1658 229 1682 vox
250 1642 308 1682 est
330 1643 500 1696 perlata.
561 1643 699 1694 itaque
718 1656 741 1680 a
762 1643 961 1694 Quinctio
986 1642 1111 1696 petit,
1152 1651 1196 1679 ut
1217 1653 1310 1678 rem
1340 1649 1470 1678 totam

146 1702 196 1741 iu
217 1699 428 1754 posterum
445 1698 556 1738 diem
581 1699 798 1739 differret:
830 1698 1017 1754 profecto
1030 1710 1099 1737 aut
1112 1696 1402 1751 persuasurum
1413 1693 1470 1746 se,
1498 1751 1500 1753 Ι

145 1768 215 1796 aut
245 1757 485 1811 persuaderi
517 1757 588 1797 fibi
616 1756 840 1811 passurum.
904 1759 1014 1797 Litus
1043 1755 1097 1795 ad
1117 1754 1357 1794 Thronium
1388 1753 1468 1792 col·

144 1815 285 1868 loquio
314 1814 559 1853 destinatur.
607 1829 655 1855 eo
683 1827 844 1854 mature
874 1826 1132 1854 conventum
1154 1812 1225 1852 est.
1292 1812 1357 1850 lbi
1379 1809 1470 1850 Phi-

144 1874 281 1926 lippus
302 1874 440 1926 primo
461 1883 502 1911 et
523 1873 769 1922 Quinctium
801 1884 842 1912 et
862 1886 1033 1921 omnes,
1073 1870 1144 1924 qui
1176 1868 1375 1916 aderant,
1405 1881 1471 1907 ro-

144 1944 266 1984 gare,
303 1943 360 1968 ne
387 1929 500 1984 spem
527 1932 638 1984 pacis
662 1933 830 1970 turbare
857 1931 1027 1971 vellent.
1087 1926 1293 1967 Postremo
1323 1936 1470 1980 petere

145 1999 333 2042 tempus,
363 2002 445 2041 quo
466 1989 617 2041 legatos
637 1990 815 2028 Romam
848 1988 901 2026 ad
927 1985 1301 2026 senatummittere
1324 1980 1471 2038 posset.

145 2041 310 2084 Aut'lzis
337 2044 620 2085 conditionibus
641 2046 686 2099 se
705 2059 832 2100 pacem
860 2048 1188 2098 impetraturum,
1225 2053 1315 2091 aut,
1355 2053 1469 2094 quas·

141 2115 290 2156 cunque
312 2100 468 2155 senatus
499 2101 683 2155 dediffet‚
730 2103 831 2158 leges
862 2105 966 2157 pacis
997 2112 1262 2154 accepturum.
1330 2097 1379 2138 Id
1403 2109 1469 2138 ce-

142 2161 241 2200 teris
280 2159 601 2214 haudquaquam
641 2162 843 2215 placebat.
902 2174 985 2198 nec
1011 2159 1126 2198 enim
1155 2155 1292 2204 aliud,
1341 2167 1467 2208 quam

141 2230 306 2256 moram
319 2228 358 2256 et
379 2217 628 2259 dilationem
649 2218 702 2257 ad
721 2217 975 2272 colligendas
996 2217 1116 2264 vires,
1138 2214 1292 2268 quaeri.
1335 2211 1467 2264 Quin-

141 2277 264 2324 clius,
304 2287 437 2314 verum
467 2276 509 2316 id
524 2276 707 2328 futurum
731 2275 878 2329 fuiffe,
917 2274 1079 2322 dicere,
1108 2269 1142 2320 fi
1173 2269 1285 2321 aestas
1314 2282 1352 2308 ετ
1378 2281 1468 2309 ten·

139 2345 212 2385 pus
242 2334 655 2387 rerumfgerenolarum
683 2333 782 2387 effer.
843 2346 968 2381 nunc,
1005 2334 1118 2370 hieme
1146 2327 1328 2379 instante,
1368 2322 1467 2371 nihil

137 2392 287 2438 amitti,
347 2388 435 2430 dato
469 2394 601 2447 spatio
638 2390 688 2431 ad
724 2389 869 2446 legatos
904 2386 1121 2430 mittendos.
1203 2383 1307 2424 Nam
1343 2396 1465 2436 neque

133 2447 219 2496 sine
254 2450 494 2503 *anctoritate
529 2449 689 2506 senatus
737 2446 949 2504 quidquam
997 2457 1129 2487 eorum
1176 2452 1310 2485 ratum
1349 2438 1466 2494 f0r‘t

176 2504 180 2511 ¹
1361 2508 1461 2552 quae
