1548 2703
87 113 211 148 212'
293 101 497 144 LIBER
535 101 697 144 XXXV.
757 104 873 143 CAP.
906 105 1096 153 XXXIX.
1115 96 1197 145 XL.

355 154 1141 172 ——-—.——---——-—-———---

86 226 607 239 .....----——-—-—-
879 230 1145 239 —--.-

88 268 183 294 non
205 255 345 303 aliter,
376 253 456 292 nisi
477 268 575 308 pars
598 255 734 307 aliqua
755 255 985 294 inclinaret
1005 253 1057 292 ad
1080 254 1311 308 respectum
1335 255 1420 308 pri-

88 312 223 351 [tinae
247 310 471 361 societatis,
502 325 593 350 rem
618 311 888 365 aggressurus.
947 312 1095 352 Vinius
1119 312 1418 366 quinqueremi

88 384 200 411 nave
221 368 275 407 ad
294 369 441 408 ostium
461 380 606 423 portus
625 368 684 408 est
701 370 901 412 invectus.
926 369 987 408 Eo
1009 369 1229 408 multitudo
1249 371 1419 424 Magne-

90 438 179 466 tum
209 428 347 466 omnis
377 441 472 465 cum
500 426 541 465 se
570 425 802 476 effudisset,
843 426 1038 482 quaesivit
1068 426 1239 481 Vinius,
1277 437 1419 466 utrum

91 484 146 524 ad
168 485 346 540 amicos,
374 499 432 524 an
455 483 508 523 ad
528 484 687 532 hostes,
713 484 797 524 sese
819 484 977 526 venisse
995 484 1198 524 mallent?
1229 483 1418 536 Respon-

92 542 155 582 dit
180 538 499 596 Magnetarches
526 541 811 594 Eurylochus,
872 541 937 582 Aci
965 545 1100 582 amicos
1137 540 1280 595 vemffe
1311 548 1419 580 eum:

84 598 163 653 sed
182 598 394 640 abstineret
423 612 570 653 portu,
610 612 647 638 et
671 597 822 646 fineret
848 599 1057 655 Magnetas
1084 602 1124 638 in
1148 596 1351 638 concordia
1377 609 1419 637 et

93 657 272 698 libertate
301 657 392 712 esse,
432 670 495 695 uec
526 671 600 710 per
630 656 811 712 colloquii
830 657 999 712 speciem
1037 655 1317 696 multitudinem
1335 654 1416 708 sol-

95 715 280 756 licitaret.
341 716 567 755 Altereatio
596 714 723 765 inde,
762 730 855 754 non
885 714 948 753 set
953 730 1040 762 mo
1072 713 1170 762 fuit,
1210 727 1306 752 cum
1332 714 1426 752 R0-·

93 786 245 813 manus
265 782 309 810 ut
326 773 510 826 ingratos
531 774 773 826 increparet
793 775 1030 826 Magnetas,
1057 771 1416 824 imminentesque

94 829 361 886 praediceret
391 829 553 869 clades:
594 830 816 869 multitudo
845 829 1120 884 obstreperet,
1151 842 1272 867 nunc
1298 827 1415 866 sena·

94 899 180 927 tum
195 916 206 936 ‚
224 886 357 926 'nunc
379 889 622 937 Quinctium
645 887 888 928 accusando.
920 888 977 926 ita
997 888 1116 926 irrito
1138 887 1308 940 incepto
1327 886 1414 926 Vil-

93 945 174 985 lius
204 945 258 984 ad
280 945 524 996 Quinctium
552 944 634 983 sese
663 946 833 1000 recepit.
893 943 950 984 At
974 944 1218 995 Quinctius,
1257 943 1425 981 nuntio

95 1003 150 1042 ad
171 1014 409 1056 praetorem
434 1002 574 1052 misso,
610 1014 653 1040 ut
678 1002 899 1042 reduceret
926 1002 1099 1041 domum
1128 1002 1290 1055 copias,
1327 999 1416 1055 ipse

94 1061 272 1101 navibus
299 1060 549 1115 Corinthum
584 1058 723 1100 rediit.

210 1177 290 1215 XL.
322 1174 600 1215 Abstulerant
611 1191 678 1214 me
692 1177 802 1215 velut
821 1174 872 1213 de
891 1175 1019 1227 spatio
1033 1173 1234 1214 Graeciae
1252 1186 1319 1224 res
1337 1173 1413 1211 im·
1434 1146 1438 1172 ί

97 1234 253 1273 mixtae
267 1234 469 1272 Romanis
484 1249 494 1273 ·.
530 1247 621 1271 11011
635 1234 728 1284 quia
740 1232 844 1286 ipsas
858 1247 1008 1286 operae
1019 1233 1199 1286 pretium
1211 1229 1310 1269 esset
1321 1230 1414 1283 per-

97 1291 298 1340 scribere,
331 1290 400 1329 sed
431 1306 498 1343 qu}
489 1305 525 1328 a
558 1290 699 1329 causae
729 1289 876 1328 fuerux
870 1302 901 1328 t
930 1305 1026 1329 cum
1053 1288 1266 1329 Antiocho
1296 1288 1412 1327 belli.

96 1349 340 1388 Consuhbus
372 1347 616 1401 designatis,
658 1347 787 1396 (inde
824 1362 1005 1400 namque
1045 1345 1324 1394 diverteram)
1364 1347 1408 1384 L.

97 1407 319 1458 Quinctius
345 1417 386 1445 et
414 1407 458 1444 C}
446 1420 490 1444 1.
518 1405 726 1444 Domitius
755 1405 946 1444 consules
975 1407 1023 1444 in
1046 1404 1286 1458 provincias
1315 1416 1410 1456 pro-

96 1463 195 1504 fecti
226 1463 344 1503 sunt:
406 1464 625 1513 Ouinetius
654 1464 701 1502 in
735 1464 924 1517 qures,
972 1463 1182 1501 Domitius
1215 1458 1410 1499 adversus

95 1522 232 1576 Bojos.
271 1521 361 1578 Boji
382 1522 652 1574 quieverunt:
682 1533 802 1574 atque
822 1522 944 1559 etiam
965 1520 1128 1559 senatus
1146 1532 1292 1558 eorum
1313 1531 1411 1556 cum

96 1580 262 1628 liberis,
295 1589 334 1618 et
356 1577 556 1631 praefecti
579 1593 671 1617 eum
696 1580 876 1631 equitatu
902 1578 1084 1628 (summa
1101 1577 1298 1622 omnium
1318 1575 1410 1613 mil-

96 1638 138 1676 le
167 1648 207 1675 et
236 1637 484 1690 quingenti)
524 1635 682 1676 consuli
713 1635 969 1675 dediderunt
1001 1635 1095 1675 sese.
1171 1634 1240 1673 Ab
1278 1633 1408 1672 altero

95 1694 265 1734 consule
295 1708 390 1747 ager
420 1696 613 1747 Ligurum
642 1695 723 1732 late
753 1693 810 1733 est
836 1694 1030 1743 vastatus,
1066 1692 1308 1744 castellaque
1338 1690 1409 1728 ali-

96 1763 196 1806 quot
214 1762 356 1805 capta:
387 1753 504 1790 unde
525 1766 616 1791 non
639 1751 793 1805 praeda
809 1751 932 1791 modo
955 1752 1091 1790 omnis
1120 1749 1285 1804 generis
1312 1761 1408 1786 cum

94 1811 266 1863 captivis
286 1820 426 1862 parta,
457 1809 527 1847 sed
552 1810 707 1863 recepti
727 1824 888 1863 quoque
909 1811 1061 1862 aliquot
1083 1810 1192 1848 cives
1214 1807 1406 1858 sociique,

97 1869 168 1920 qui
189 1867 236 1906 in
258 1865 435 1905 hostium
458 1866 653 1920 potestate
677 1866 857 1905 fuerant.
914 1867 1074 1906 Eodem
1097 1867 1177 1904 hoc
1201 1877 1317 1904 anno
1339 1864 1408 1902 Vi-

94 1927 251 1969 bonem
272 1925 435 1963 colonia
458 1925 634 1963 deducta
659 1924 714 1962 est
741 1939 792 1963 ex
815 1924 1165 1974 senatusconsulto
1188 1922 1407 1977 plebeique

95 1981 205 2021 scito.
266 1984 343 2022 tria
365 1983 493 2020 millia
514 1993 553 2020 et
571 1982 822 2036 septingenti
850 1983 1008 2036 pedites
1037 1984 1199 2030 ierunt,
1227 1977 1407 2018 trecenti

95 2041 263 2092 equites.
318 2039 550 2078 Triumviri
589 2039 856 2079 deduxerunt
895 2055 984 2088 eos,
1026 2041 1076 2090 Q.
1106 2039 1310 2086 Naevius,
1347 2037 1405 2074 M·

93 2098 326 2146 Minucius,
365 2100 421 2136 M.
448 2098 590 2136 Furius
614 2098 825 2151 Crassipes.
866 2100 993 2150 quina
1016 2097 1129 2135 dena
1147 2097 1288 2150 jugera
1317 2094 1404 2146 agri

96 2153 188 2193 data
210 2156 258 2193 in
283 2155 462 2208 singulos
488 2154 645 2208 pedites
674 2155 790 2204 suut,
826 2154 982 2209 duplex
1012 2157 1227 2209 equitibus.
1286 2153 1405 2190 Brut·

94 2212 244 2252 tiorum
261 2215 453 2267 proxime
474 2212 605 2250 fuerat
625 2227 741 2266 ager:
778 2213 927 2252 Bruttii
941 2225 1138 2266 ceperant
1152 2213 1203 2251 de
1217 2209 1403 2249 Graecis.

92 2271 251 2308 Romae
273 2285 348 2323 per
376 2270 485 2309 idem
512 2281 671 2323 tempus
695 2270 776 2308 duo
797 2271 968 2310 maximi
999 2269 1169 2309 fuerunt
1197 2279 1403 2315 terrore83

91 2326 275 2366 diutinus
298 2330 412 2375 alter
435 2327 501 2365 [td
529 2329 702 2381 segnior.
724 2329 762 2365 ‘1
765 2342 855 2366 erra
878 2328 964 2367 dies
987 2326 1402 2382 duodequadragInta

90 2385 231 2423 movit.
277 2399 366 2450 'per
389 2386 559 2423 totidem
585 2385 671 2424 dies
697 2385 855 2424 feriae
847 2400 893 2424 m
921 2386 1194 2425 lellieimdine
1217 2399 1263 2423 ac
1284 2391 1400 2421 metu

87 2440 218 2480 fuere.
276 2443 305 2480 it
304 2457 322 2479 1
347 2442 498 2480 1111111111
505 2458 531 2480 n
555 2444 638 2496 ejus
659 2445 719 2482 rei
743 2443 858 2481 causa
889 2443 1128 2497 supplicatio
1157 2444 1297 2482 habita
1327 2438 1398 2477 est.

87 2498 161 2538 Ille
194 2514 283 2538 non
314 2504 443 2553 pavo'r
475 2514 625 2550 mnus,
664 2500 731 2540 sed
763 2515 858 2541 vera
889 2503 1113 2541 11111110111111
1143 2500 1282 2541 clades
1310 2497 1410 2536 fuir-¹

1254 2572 1398 2598 lucen-
