1548 2703
169 49 253 100 114
383 47 416 87 L
444 47 466 86 1
495 44 531 86 B
560 46 598 85 E
627 46 669 86 R
704 45 893 87 XXXIII.
956 49 1069 86 Car.
1100 49 1284 89 XXXVI.

486 117 729 181 U„c,-5-5-6.
905 131 940 155 a.
959 118 1004 156 C.
1026 117 1079 156 N.
1109 121 1201 171 196.

165 170 434 184 ——m-

167 198 388 253 principes
410 196 717 249 conjurationis
736 191 929 236 fuerant:
969 196 1072 237 alios
1099 195 1292 237 dominis'
1315 196 1502 238 restituit.

169 254 374 296 Consules
395 254 445 294 in
463 253 705 308 provincias
737 251 918 306 profecti
948 253 1056 293 sunt.
1115 255 1364 294 Marcellum
1386 255 1503 309 Bojo-

167 327 266 352 rum
281 310 514 365 ingressum
534 310 665 360 fines,
706 308 876 364 fatigato
895 309 1107 363 per‘diem
1127 321 1258 351 totum
1280 313 1413 353 milite
1426 314 1503 354 avia

166 368 388 418 facienda,
419 368 550 407 eastra
580 368 628 406 in
648 368 810 406 tumulo
831 367 1012 421 quodam
1032 380 1297 422 ponentem,
1335 371 1502 410 Corola-

165 441 285 476 mus,
313 427 481 480 regulus
500 426 722 478 Bojorum,
752 438 849 464 oum
878 439 1033 480 magna
1059 440 1190 466 manu
1215 427 1406 478 adortus,
1446 427 1502 468 ad

165 485 249 526 tria
265 485 400 524 millia
419 483 643 523 hominum
665 481 840 524 oceidit:
874 493 916 522 et
945 483 1124 523 illustres
1156 485 1238 524 viri
1267 485 1425 538 aliquot
1452 485 1502 524 in

163 544 239 584 illo
259 541 530 582 tumultuario
552 541 714 594 proelio
732 539 1000 591 ceciderunt,
1031 541 1147 580 inter
1175 555 1278 596 quos
1297 540 1500 596 praefecti

162 601 347 649 socium„
386 599 439 638 '123
461 598 736 651 Sempronius
769 597 1014 647 Gracchus,
1056 599 1112 638 M.
1135 599 1286 639 Junius
1307 599 1499 648 Silanus;

163 668 207 699 et
236 656 400 697 tribuni
429 654 616 694 militum
647 653 700 695 de
725 655 892 710 legione
909 655 1116 705 secunda,
1151 656 1202 696 A.
1228 656 1434 710 Ogulnius
1459 666 1500 695 et

161 715 207 755 P.
231 711 443 752 Claudius.
503 710 636 752 castra
657 722 804 752 tamen
826 714 879 751 ab
898 712 1105 752 Romanis
1128 713 1308 767 impigre
1332 726 1500 766 permu-

133 771 256 810 ⁴-nita
274 779 546 823 retentaque,
585 774 684 807 cum
705 767 841 808 hostes
864 782 889 807 a
918 768 1120 823 prospera
1148 784 1293 824 pugna
1321 768 1499 824 nequid-

160 841 288 883 quam
320 823 643 880 oppugnassent.
705 825 868 865 Stativis
888 825 1058 874 *deinde
1096 827 1254 881 eisdem
1295 839 1376 881 per
1403 826 1498 866 dies

158 886 319 940 aliquot
345 882 429 923 sese
460 883 618 931 tenuit,
661 881 763 922 dum
794 892 837 921 et
855 881 1011 923 saucios
1033 894 1221 933 curaret,
1258 894 1300 923 et
1326 897 1350 924 a
1377 894 1498 929 tanto

159 954 325 983 terrore
345 940 513 980 animos
531 939 716 978 militum
737 939 940 979 reficeret.
980 941 1084 994 Boji,
1103 952 1149 980 ut
1167 939 1226 981 est
1245 954 1350 996 gens
1370 941 1496 982 mini·

158 1014 230 1040 me
260 998 314 1040 ad
344 1011 491 1037 morae
519 995 707 1036 taedium
737 998 926 1051 patiens,
955 998 1005 1037 in
1026 996 1192 1038 castella
1212 998 1284 1039 sua
1302 999 1497 1052 vicosque

103 1105 113 1115 1
158 1055 307 1113 dilapsi
332 1053 442 1095 sunt.
514 1055 762 1104 Marcellus,
814 1053 924 1093 Pado
953 1054 1177 1095 confestim
1207 1057 1404 1110 trajecto,
1446 1057 1497 1096 in

108 1166 111 1169 Δ
158 1129 306 1171 agrum
328 1110 606 1161 Comensem,
641 1112 715 1151 ubi
734 1110 955 1161 Insubres,
999 1112 1273 1153 Comensibus
1304 1112 1357 1152 ad
1378 1125 1496 1153 arma

158 1173 304 1214 excitis
317 1201 329 1221 ,
366 1170 497 1210 castra
518 1170 758 1218 habebant,
791 1169 907 1209 ducit
923 1170 1121 1223 legiones.
1160 1171 1210 1210 in
1230 1170 1319 1225 ipso
1340 1171 1495 1211 itinere

157 1231 369 1286 proelium
389 1228 685 1268 committunt:
717 1238 757 1266 et
775 1228 912 1281 primo
932 1227 1039 1266 adeo
1061 1228 1214 1268 acriter
1233 1227 1494 1277 invaserunt,

156 1300 202 1328 ut
232 1286 529 1340 antesignanos
567 1285 830 1338 impulerint.
901 1284 1028 1335 Quod
1068 1286 1139 1324 ubi
1178 1283 1493 1336 animadvertit,

156 1346 311 1388 veritus
329 1358 389 1385 ne
410 1344 512 1383 moti
529 1342 658 1382 semel
689 1343 976 1396 pellerentur,
1012 1342 1230 1382 cohortem
1258 1343 1494 1384 Marsorum
1538 1388 1548 1400 .

155 1402 368 1459 opposuit:
418 1411 459 1442 et
489 1401 676 1455 equitum
708 1401 953 1439 Latinorum
980 1414 1129 1440 omnes
1155 1411 1314 1442 turmas
1342 1401 1390 1441 in
1419 1401 1492 1441 ho-

152 1462 257 1501 stem
278 1459 425 1501 emisit.
483 1459 672 1510 Quorum
697 1472 793 1496 cum
816 1458 977 1512 primus
999 1456 1290 1513 secundusque
1311 1459 1492 1513 impetus

154 1518 373 1559 retudisset
392 1515 651 1557 inferentem
678 1514 719 1554 se
741 1514 940 1555 ferociter
965 1514 1126 1555 hostem
1140 1546 1150 1564 ,
1179 1516 1428 1556 confirmata
1451 1526 1493 1555 et

153 1578 318 1631 reliqua
337 1576 444 1615 acies
467 1575 668 1613 Romana
688 1572 834 1612 restitit
857 1575 1009 1627 primo,
1034 1571 1193 1614 deinde
1205 1573 1319 1627 signa
1338 1575 1493 1613 acriter

151 1635 308 1675 intulit.
369 1647 453 1673 nec
482 1632 593 1672 ultra
616 1630 911 1681 sustinuerunt
941 1641 1160 1671 certamen
1192 1631 1334 1682 Galli,
1363 1632 1491 1685 'quin
1540 1648 1543 1651 ·

150 1703 266 1746 terga
294 1701 533 1740 verterent,
575 1699 698 1742 atque
731 1686 862 1728 effuse
889 1686 1100 1743 fugerent.
1167 1690 1221 1728 In
1249 1703 1300 1729 eo
1329 1689 1489 1743 proelio

150 1749 276 1805 supra
296 1748 575 1804 quadraginta
601 1747 737 1786 millia
755 1745 979 1785 hominum
1008 1745 1146 1790 caesa,
1179 1747 1370 1787 Valerius
1399 1745 1489 1786 An-

151 1807 228 1848 tias
259 1805 422 1847 scribit:
462 1816 503 1845 et
534 1803 767 1858 quingenta
797 1803 956 1858 septem
982 1802 1097 1858 figna
1129 1805 1326 1844 militaria
1352 1815 1486 1858 capta,

149 1876 192 1906 et
211 1875 417 1919 carpenta
436 1861 750 1917 quadringenta
768 1862 939 1916 triginta
959 1861 1055 1911 duo,
1089 1872 1130 1900 et
1154 1876 1301 1902 aureos
1321 1873 1487 1915 torques
1547 1865 1548 1911 ᾗ

147 1924 326 1972 multos,
374 1935 427 1962 ex
454 1920 603 1975 quibus
634 1933 769 1959 unum
802 1920 947 1974 magni
975 1918 1180 1973 ponderis
1212 1918 1407 1959 Claudius
1435 1919 1486 1959 in

148 1981 353 2034 Capitolio
377 1980 469 2019 Jovi
491 1975 653 2016 donum
672 1976 721 2016 in
739 1976 842 2016 aede
863 1977 1040 2030 politum
1060 1976 1214 2016 scribit.
1273 1976 1414 2017 Castra
1434 1990 1485 2016 eo

146 2037 216 2089 die
246 2038 468 2078 Gallorum
499 2044 738 2089 expugnata
769 2033 1039 2088 direptaque:
1078 2045 1118 2073 et
1155 2036 1332 2073 Comum
1368 2033 1485 2088 oppi-
1529 2059 1531 2061 -

145 2094 249 2134 dum
271 2096 384 2135 intra
405 2094 492 2134 dies
513 2105 666 2146 paucos
695 2102 878 2145 captum.
938 2091 1112 2131 Castella
1141 2091 1246 2131 inde
1275 2090 1484 2136 duodetri-

143 2154 264 2207 ginta
286 2153 340 2192 ad
359 2151 573 2192 consulem
594 2148 856 2189 defecerunt.
918 2149 968 2188 Id
990 2164 1152 2204 quoque
1178 2151 1293 2189 inter
1314 2146 1483 2202 scripto·

142 2224 210 2250 res
230 2212 478 2263 ambigitur,
506 2219 647 2247 utrum
667 2207 717 2246 in
736 2206 857 2260 Bojos
879 2208 1019 2260 prius,
1052 2205 1109 2246 an'
1131 2206 1350 2254 Insubres,
1382 2219 1482 2245 con-

143 2267 205 2306 sul
229 2270 461 2308 exercitum
484 2265 726 2313 induxerit,
770 2262 1069 2318 adversamque
1104 2263 1304 2318 prospera
1338 2276 1480 2318 pugna

142 2326 451 2366 obliteraverit:
482 2338 539 2363 an
562 2323 756 2370 victoria,
788 2322 842 2364 ad
869 2323 1048 2364 Comum
1072 2332 1216 2377 parta,
1244 2320 1479 2362 deformata

141 2383 263 2424 clade
284 2384 334 2424 in.
354 2384 470 2438 Bojis
492 2386 660 2435 accepta
683 2379 743 2419 fi-t.

1260 2480 1474 2536 xxxvn.
1518 2536 1520 2539 ,
