1548 2703
119 52 206 103 408
290 51 495 91 LIBER
530 36 714 92 xxxuk.
771 55 888 93 cm.
923 55 1087 94 xxxu.
1127 52 1316 94 xxmn.

321 124 374 160 ·.U
406 123 448 162 (f.
490 123 574 159 ’ἐζ-κ
601 125 695 168 568.
831 138 866 161 3.
902 125 945 162 C.
981 124 1160 170 N.‘185.
1197 126 1284 172 ιη,

121 199 183 239 sul
208 201 295 239 line
317 202 465 239 lictori
467 215 530 238 vus
552 215 648 239 cum
669 201 798 240 fratre
821 213 905 242 toto
926 201 1019 242 foro
1041 204 1299 252 volitando,
1296 206 1452 244 claui-

123 259 310 296 tantibus
342 257 588 297 adversariis
621 270 662 298 et
687 261 845 313 majore
874 271 993 314 parte
1023 260 1209 311 senatus,
1247 258 1450 313 meminiffe

124 327 208 354 eum
237 314 372 354 debere
400 318 537 367 prius,
560 315 604 369 se
629 316 810 369 consulem
836 316 980 370 populi
1006 317 1186 367 Romani,
1224 332 1335 372 quam
1357 318 1451 370 fra·

124 383 224 411 trem
259 371 304 410 P.
343 372 527 419 Claudii,
571 372 665 425 effe:
704 378 800 425 quin
839 374 925 423 ille,
957 374 1091 428 sedens
1128 389 1208 426 pro
1237 375 1469 424 tribunali,

123 441 193 468 aut
214 430 434 474 arbjtrum,
467 442 535 468 aut
558 434 718 470 tacitum
731 431 996 483 spectatorem
1022 433 1313 484 comitior-umse
1334 446 1450 484 prae-

123 485 258 525 beret:
292 487 477 527 coerceri
502 498 647 527 tamen
668 492 719 527 ab
741 487 872 528 effuso
893 489 1028 528 studio
1049 491 1226 543 nequiit.
1286 489 1450 544 Magnis

108 546 472 586 ‚contentionibus
494 546 762 585 tribunorum
786 561 949 600 quoque
978 549 1138 601 plebei,
1170 548 1241 600 qui
1263 558 1341 587 aut
1353 552 1450 586 con-

125 611 191 640 tra
215 602 453 651 consulem,
490 614 558 641 aut
591 618 669 657 pro
701 602 835 642 studio
860 606 946 670 ejus
976 608 1245 660 pugnabant,
1284 604 1452 644 comitia

122 659 344 712 aliquoties
373 661 558 698 turbata:
599 661 754 700 donec
766 663 943 716 pervicit
967 662 1151 716 Ap'pius,
1194 673 1260 711 ut,
1289 661 1450 714 dejecto

123 716 278 764 Fabio,
316 716 493 763 fratrem
527 719 722 758 traheret.
794 721 1027 760 CreatusP.
1053 719 1248 768 Claudius
1277 720 1453 763 Pulcher

124 785 294 826 praeter
314 774 429 828 [pem
452 774 564 813 suam
590 789 629 815 et
651 788 898 816 ceterorum.
938 779 1076 816 locum
1098 778 1218 817 fuum
1249 777 1451 816 tenuitiL'.

124 832 291 872 Porcius
322 833 511 881 Licinus,
555 835 651 885 quia
679 834 905 874 moderatis
939 835 1101 885 studiis,
1143 849 1236 874 non
1263 835 1305 874 vi
1337 834 1453 874 Clau-

125 887 276 938 diana,
307 890 421 929 inter
442 891 626 944 plebeios
649 903 851 930 certatum
874 892 943 931 eft.
1006 895 1244 931 praetorum
1265 890 1457 933 indesen-

123 947 244 985 mitia
269 946 364 985 sunt
382 948 535 987 habita.
598 951 638 987 C.
663 949 880 988 Decimius
905 952 1074 1000 Flavus,
1113 953 1152 989 P.
1178 949 1454 1002 Sempronius

125 1005 317 1057 Longus,
351 1006 392 1043 P.
417 1006 638 1044 Cornelius
664 1006 889 1060 Cethegus,
922 1009 973 1058 Q.
996 1008 1179 1047 Naevius
1204 1007 1369 1054 Matho,
1407 1006 1451 1044 C.

125 1062 400 1114 Sempronius
423 1063 598 1112 Blaesus,
625 1062 672 1101 A.
692 1065 917 1104 Terentius
938 1067 1087 1113 Varro,
1107 1074 1321 1118 praetores
1341 1061 1455 1105 facti.

126 1119 244 1157 Haec
271 1133 321 1158 eo
350 1134 602 1174 anno,un
623 1120 705 1174 Ap.
728 1121 947 1171 Claudius,
981 1123 1036 1161 M.
1057 1121 1329 1176 Sempronius
1359 1133 1457 1162 con-

125 1175 234 1216 sules
255 1175 350 1216 fuer
354 1188 452 1227 unt,
481 1178 597 1217 domi
619 1179 876 1233 militiaeque
897 1178 1020 1233 gesta.

1429 1256 1435 1271 0

266 1292 731 1348 XXX111.Pxincipio
756 1293 1017 1348 insequentis
1044 1295 1151 1334 anni
1179 1295 1220 1333 P.
1244 1290 1458 1339 Claudius,

120 1351 173 1395 L.
196 1351 364 1389 Porcius
392 1351 606 1401 consules,
645 1367 739 1390 cum
766 1353 818 1402 Q
838 1353 1059 1401 Caecilius,
1097 1347 1154 1391 M.
1175 1352 1378 1399 Baebius,
1419 1357 1462 1387 et

128 1409 196 1448 Ti.
219 1408 518 1461 Sempronius,
555 1410 626 1462 qui
655 1408 707 1448 ad
737 1408 1058 1463 disceptandum
1083 1410 1198 1448 inter
1214 1408 1460 1461 Philippum

126 1477 170 1506 et
188 1465 428 1504 Eumenem
450 1480 567 1520 reges
588 1466 965 1520 Thessalorumque
985 1468 1169 1506 civitates
1189 1464 1296 1504 miffi
1319 1473 1458 1512 erant,

125 1524 380 1576 legationem
408 1523 743 1573 renuntiassent,
780 1538 928 1577 regum
956 1535 1119 1577 quoque
1147 1538 1292 1563 eorum
1319 1522 1461 1563 civita·

126 1591 301 1633 tumque
321 1581 473 1633 legatos
497 1583 545 1620 in
567 1581 759 1619 senatum
779 1581 1124 1620 introduxerunt.
1148 1580 1309 1619 Eadem
1326 1579 1461 1625 utrin-

127 1653 209 1691 que
232 1639 400 1688 iterata,
435 1653 540 1690 quae
564 1638 673 1677 dicta
707 1638 819 1692 apud
849 1640 1003 1692 legatos
1034 1640 1083 1678 in
1109 1639 1290 1678 Graecia
1323 1645 1459 1678 erant.

122 1695 270 1737 Aliam
294 1694 454 1734 deinde
477 1697 731 1749 legationem
753 1711 910 1735 novam
932 1698 1109 1745 Patress
1123 1695 1239 1749 cujus
1260 1695 1461 1748 princeps

123 1753 209 1807 Ap.
226 1751 420 1792 Claudius
442 1750 533 1801 fuit,
557 1755 604 1792 in
623 1754 918 1792 Macedoniam
942 1765 983 1792 et
1003 1755 1052 1792 in
1071 1753 1301 1797 Graeciam
1321 1750 1462 1790 deere-

124 1821 281 1855 xerunt
299 1810 351 1848 ad
373 1810 605 1867 visendum,
627 1810 878 1850 redditaene
897 1811 1082 1851 civitates
1096 1809 1358 1850 Thessalis-et
1369 1809 1462 1847 Per·

124 1866 459 1918 rhae'bis'essent.
516 1868 676 1907 Iisdem
695 1868 958 1918 mandatum,
989 1879 1033 1906 ut
1055 1870 1106 1906 ab
1124 1867 1249 1907 Aeno
1269 1877 1309 1906 et
1325 1867 1460 1915 Maro-

126 1939 207 1965 nea
220 1924 425 1978 praesidia
441 1925 768 1976 deducerentur,
786 1927 1078 1979 maritimaque
1098 1926 1238 1964 omnis
1252 1923 1459 1963 Thraciae

125 1996 201 2023 ora
222 1997 245 2021 a
268 1982 475 2037 Philippo·
484 1994 523 2022 et
547 1983 850 2023 Macedonibus
873 1984 1136 2022 liberat-‚etur
1182 1982 1457 2034 Peloponne-

125 2040 217 2079 sum
245 2054 410 2093 quoque
443 2040 562 2079 adire
591 2040 703 2094 jussi,
743 2040 860 2079 unde
891 2042 1010 2094 prior
1038 2040 1188 2093 legatio
1220 2037 1460 2078 discesserat

125 2098 356 2139 incertiore
375 2097 481 2136 statu
502 2113 667 2146 rerum,
707 2113 832 2151 quam
852 2097 882 2136 fi
907 2112 1000 2136 non
1020 2097 1246 2138 veniffent.
1276 2109 1379 2135 nam
1401 2092 1462 2133 su-

125 2168 206 2209 per
228 2165 367 2194 cetera
386 2156 511 2194 etiam
529 2155 617 2194 fine
639 2155 838 2210 responso
858 2154 1024 2204 dimiffi,
1049 2168 1132 2194 nec
1152 2153 1294 2193 datum
1316 2162 1463 2205 peten-

125 2213 237 2251 tibus
268 2223 356 2250 erat
377 2211 646 2252 Achaeorum
678 2214 919 2252 concilium.
975 2212 1047 2250 De
1077 2226 1157 2265 qua
1179 2225 1227 2250 re
1255 2208 1461 2263 querente

126 2270 310 2324 graviter
336 2271 387 2320 Q.
405 2271 599 2320 Caecilio,
625 2269 743 2309 fimul
765 2270 1108 2319 Lacedaemoniis
1129 2268 1461 2322 deplorantibus,

126 2328 300 2366 moenia
319 2326 479 2378 diruta,
516 2328 740 2367 abductam
761 2330 930 2382 plebem
949 2328 998 2366 in
1014 2326 1217 2380 Achaiam
1239 2337 1280 2364 et
1298 2336 1463 2365 venun.-

129 2383 294 2434 datam,
334 2384 542 2435 ademtas,
579 2386 728 2439 quibus
762 2385 814 2424 ad
847 2399 941 2424 eam
969 2384 1083 2424 diem
1103 2385 1245 2423 civitas
1279 2380 1458 2433 stetisset,

127 2443 310 2498 Lycurgi
341 2443 474 2498 leges,
513 2443 679 2486 Achaei
706 2444 895 2484 maxime
924 2443 1096 2484 concilii
1122 2441 1267 2495 negati
1296 2439 1464 2481 crimen

1340 2509 1463 2536 excu-
