1548 2703
274 76 306 114 L
328 76 347 113 1
371 73 403 113 B
426 73 462 114 E
485 75 526 114 R
564 74 705 116 xt1v.
769 74 880 114 cm.
906 55 1030 114 xXx.
1054 74 1200 113 xxxi.
1329 72 1414 119 εις

343 146 395 183 U.
419 147 464 184 C.
487 146 582 195 584.
863 158 897 182 a.
920 146 962 183 c.
985 144 1039 182 N.
1068 145 1156 189 168.

84 225 203 271 fratri
222 237 316 262 eum
333 218 546 272 invidisse,
573 234 777 276 tanquam-
799 224 862 261 his
887 224 1046 276 nuptiis
1067 222 1313 276 adjungenti
1334 221 1409 260 fibi

83 281 386 335 Dardanorum
409 291 592 333 gentem.
655 292 695 319 et
718 281 887 319 limilius
907 280 950 318 id
974 294 1073 320 vero
1092 279 1192 319 fecit
1217 279 1338 317 ducta
1356 288 1409 317 ‘ea

84 339 210 391 virgo,
242 339 401 376 Platore
420 337 655 376 interfecto.
716 339 866 377 Gravis
891 336 1070 386 deinde,
1103 337 1244 376 demto
1267 334 1408 376 fratris

16 409 27 416 ⁴
85 407 211 444 metu,
244 396 514 449 popularibus
538 394 621 434 esse
641 396 799 448 coepit:
831 406 872 433 et
892 395 1136 433 violentiam
1156 393 1319 432 insitam
1340 393 1407 431 in-

83 455 207 507 genio
235 453 564 505 intemperantia
592 453 681 491 vini
707 452 975 491 accendebat.
1037 446 1269 500 Ceterum,'
1306 449 1406 488 ficut

84 521 183 549 ante
205 509 359 550 dictum
382 509 458 557 eft,
492 509 543 547 ad
570 509 811 548 Romanum
830 510 1024 548 incitatus
1046 510 1221 557 bellum,
1249 506 1405 547 Lissum

84 581 229 606 omnes
257 568 395 621 copias
421 568 643 606 contraxit.
703 557 945 620 {Quindecim
975 567 1107 605 millia
1147 577 1404 605 armatorum

82 624 266 665 fuerunt.
326 623 457 673 Inde,
486 622 616 662 fratre
636 626 680 664 in
705 626 923 664 Caviorum
947 635 1139 677 gentem,
1171 624 1211 663 vi
1234 633 1302 661 aut
1325 633 1404 660 ter-

83 696 178 720 rore
200 681 493 736 subigendam,
526 696 618 720 cum
648 683 763 720 mille
788 682 997 735 peditibus
1029 692 1069 720 et
1097 680 1404 735 quinquaginta

4 719 6 784 i
25 769 28 773 .
83 740 288 793 equitibus
310 739 425 777 misso
440 769 451 788 ‚
483 739 569 792 ipse
592 739 644 778 ad
668 739 902 778 Bassaniam
924 741 1073 779 urbem
1093 740 1279 792 quinque
1311 737 1404 775 mil-

54 804 58 807 ‘
82 798 137 835 lia
158 799 208 835 ab
232 795 339 836 Lisso
362 797 485 835 ducit.
521 822 525 827 ·
549 797 654 835 Socii
678 807 800 835 erant
818 798 1122 836 Romanorum.
1162 797 1301 848 itaque
1325 807 1404 848 per

82 854 221 894 missos
241 855 414 893 nuntios
433 855 546 907 prius
569 856 739 903 tentati,
771 853 1029 893 obsidionem
1051 854 1158 907 pati,
1188 867 1312 906 quam
1335 851 1405 890 de-

82 911 182 950 dere
203 911 307 960 sese,
334 912 587 950 maluerunt.
648 913 940 951 Caravantium
960 912 1009 951 in
1029 912 1162 952 Caviis
1183 910 1404 950 Durnium

80 969 282 1023 oppidum
294 965 593 1008 advenientem
607 969 792 1022 benigne
806 969 1254 1023 accepitzssaravantis
1274 968 1405 1006 altera
1453 993 1461 999 «

80 1029 179 1066 urbs
196 1026 376 1066 exclulit.
434 1037 499 1075 et,
530 1041 625 1064 cum
645 1041 762 1080 agros
786 1041 927 1066 eorum
949 1026 1080 1066 effuse
1105 1025 1278 1066 vastaret
1292 1055 1303 1074 ,
1332 1025 1405 1063 ali-

81 1096 180 1136 quot
211 1085 338 1138 palati
377 1084 528 1123 milites
564 1084 782 1138 agrestium
816 1084 1020 1123 concursu
1050 1083 1261 1124 interfecti
1290 1082 1400 1121 sunt.

81 1143 173 1180 ‚lam
194 1153 235 1182 et
250 1142 329 1196 Ap.
356 1140 573 1190 Claudius,
604 1141 788 1181 assumtis
809 1142 862 1180 ad
883 1157 978 1181 eum
998 1143 1241 1190 exercitum,
1273 1153 1402 1193 quem

81 1201 281 1248 habebat,
322 1199 596 1247 Bulinorum‚
643 1210 684 1238 et
705 1198 1060 1253 Apolloniatium,
1104 1210 1143 1238 et
1171 1197 1404 1251 Dyrrachi-

85 1259 236 1296 norum
256 1257 418 1296 auxiliis
431 1287 441 1305 ‚
472 1255 682 1309 profectus
703 1271 756 1296 ex
776 1258 991 1306 hibernis„
1023 1255 1402 1296 circa'Genutuum

83 1329 251 1355 amnem
281 1314 412 1353 castra
439 1314 637 1362 habebat3
678 1313 819 1353 au‘dito
851 1313 1021 1353 foedere
1051 1315 1164 1353 inter
1185 1312 1329 1352 Persea
1362 1321 1403 1350 ‘et

82 1374 286 1411 (hunum
299 1402 308 1420 ‚
338 1382 378 1410 et
395 1373 622 1424 legatorum
647 1372 894 1411 violatorum
912 1372 1066 1426 injuria
1083 1371 1292 1420 accensus,
1319 1370 1404 1409 bel-

81 1432 169 1468 lum
191 1429 303 1468 haud
318 1429 442 1467 dubie
461 1428 654 1468 adversus
670 1443 765 1468 eum
786 1428 981 1484 gesturus.
1024 1429 1200 1469 Anicius
1220 1439 1401 1482 praetor,

81 1503 130 1527 eo
149 1497 336 1540 tempore
355 1485 607 1540 Apolloniae
625 1486 796 1536 auditis,
824 1501 929 1540 quae
949 1488 997 1525 in
1020 1488 1187 1540 Illyrico
1207 1498 1404 1540 gereren-

80 1557 160 1594 tur,
181 1543 491 1598 praemissisque
510 1543 562 1582 ad
584 1543 769 1597 Appium
791 1545 938 1593 literis,
959 1555 1004 1582 ut
1021 1544 1062 1583 se
1081 1544 1134 1583 ad
1156 1543 1405 1583 Genusuum

82 1603 358 1656 opperiretur,
382 1599 520 1639 triduo
542 1612 581 1640 et
598 1600 684 1655 ipse
704 1602 751 1640 in
769 1601 898 1640 castra
920 1602 1060 1642 venitz
1089 1613 1127 1641 et
1148 1601 1201 1641 ad
1215 1615 1275 1650 ea,
1298 1613 1405 1655 quae

81 1661 275 1709 habebat,
298 1659 451 1698 auxilia
471 1658 653 1697 assumtis
675 1659 971 1698 Parthinorum
993 1660 1220 1713 juventutis
1243 1659 1406 1698 duobus

81 1718 264 1757 millibus
287 1715 475 1769 peditum
504 1727 543 1754 et
571 1717 776 1768 equitibus
805 1716 1017 1766 ducentis,
1056 1717 1284 1772 (peditibus
1308 1716 1406 1769 Epi·

82 1775 206 1814 cadus
220 1804 231 1823 ,
281 1773 485 1827 equitibus
514 1771 683 1827 Agalsus
723 1776 937 1827 praeerat)
968 1778 1139 1828 parabat
1172 1774 1325 1819 ducere
1358 1774 1408 1812 in

82 1833 322 1885 Illyricum,
350 1832 533 1869 maxime
556 1840 600 1869 ut
619 1830 849 1871 Bassanitas
869 1832 1047 1872 solveret
1066 1832 1294 1872 obfidione.
1351 1842 1408 1870 te-

84 1891 176 1929 nuit
195 1891 398 1944 impetum
420 1888 503 1940 ejus
515 1887 870 1928 famalemborum
882 1889 1130 1930 vastantium
1151 1890 1408 1929 maritimam

81 1963 214 2000 oram.
270 1947 492 1999 Octoginta
512 1957 635 1984 erant
653 1947 806 1996 lembi,
839 1959 1007 1986 auctore
1041 1949 1277 1987 Pantaucho
1301 1945 1407 1986 miffi

82 2021 105 2044 a
126 2005 284 2045 Gentio
304 2003 357 2043 ad
376 2003 747 2056 Dyrrachinorum
769 2016 810 2044 et
832 2004 1166 2060 Apolloniatium
1200 2019 1316 2061 agros
1337 2019 1408 2058 po-

80 2061 302 2119 pulandos.
318 2061 326 2065 ’
358 2062 469 2100 Tum
492 2059 625 2100 clasfis
645 2061 699 2101 ad
1298 2082 1301 2085 ⁴

726 2118 749 2140 ’k

589 2148 612 2171 Ἃ·
668 2172 670 2175 .
864 2151 890 2175 ’Χ-

82 2190 122 2218 to
146 2193 195 2218 eo
214 2177 483 2218 tradiderunt
506 2171 561 2218 se.

193 2294 337 2333 XXXI.
394 2292 612 2346 Deinceps
633 2302 673 2332 et
694 2294 818 2333 urbes
840 2294 1023 2347 regionis
1046 2295 1130 2349 ejus
1150 2294 1265 2335 idem
1284 2292 1407 2332 facie.

81 2353 210 2399 bant,
239 2349 464 2404 adjuvante
486 2351 811 2390 inclinationem
851 2351 1091 2392 animorum
1114 2352 1340 2392 clementia
1359 2352 1410 2389 in

87 2421 236 2446 omnes
260 2419 301 2446 et
315 2407 466 2461 justitia
493 2409 697 2462 praetoris
722 2410 923 2448 Romani.
980 2409 1050 2450 Ad
1082 2411 1282 2451 Scodram
1310 2406 1417 2447 inde'

88 2475 263 2506 ventum
289 2464 369 2515 est,
401 2465 445 2505 id
468 2465 581 2519 quod
599 2467 700 2506 belli
725 2478 850 2520 caput
879 2466 1039 2519 fuerat3
1066 2483 1158 2508 non
1187 2482 1234 2506 eo
1267 2465 1414 2511 solum,

751 2526 886 2577 Qut
1276 2543 1278 2545 ·
1302 2521 1415 2576 quod
