1548 2703
356 73 740 116 LIBER.XLIV.
811 73 923 112 CAP.
963 69 1077 109 XIII.
1309 69 1394 119 599

296 149 345 185 U.
375 149 418 185 C.
451 148 545 191 583.
793 156 827 179 a.
859 142 902 179 C.
938 141 987 178 N.
1024 134 1116 189 169.
1384 164 1385 167 η

0 254 3 257 -
62 228 245 267 militum
266 225 318 264 ad
339 227 588 266 Meliboeam
612 226 760 262 urbem
781 217 1111 274 oppugnandam
1130 219 1268 257 mittit.
1306 217 1392 256 Sita

63 283 121 324 est
148 285 192 323 in
215 282 424 322 radicibus
448 280 571 320 Ossae
593 281 771 328 montis,
798 284 882 331 'qua
912 286 1031 330 parte
1059 276 1107 313 in
1132 273 1390 314 Thessaliam
1435 320 1439 326 ἡ

5 365 7 367 -
59 342 214 395 vergit,
246 351 482 394 opportune
509 339 742 378 imminens
764 335 888 388 super
908 331 1243 373 Demetriadem.
1305 331 1390 371 Pri-

60 412 154 437 mus
175 397 380 438 adventus
400 395 578 451 hostium
598 394 779 448 perculit
799 393 960 431 incolas
981 390 1087 430 loci:
1111 390 1295 428 collectis
1315 387 1386 428 de-

59 455 164 495 inde
194 469 246 494 ex
273 452 527 507 necopinato
555 466 710 507 pavore
742 450 917 497 animis,
960 446 1386 494 discurruntarmati

59 513 112 553 ad
132 522 269 566 portas
288 526 334 550 ac
354 511 545 560 moenia,
569 524 649 564 qua
667 507 842 560 suspecti
862 506 995 545 aditus
1013 515 1157 544 erant:
1184 505 1386 558 spemque

58 563 270 622 extemplo
292 568 560 617 inciderunt,
596 567 688 620 capi
708 566 849 619 primo
867 565 1025 618 impetu
1047 561 1173 615 posse.
1215 559 1386 600 Obsidio

55 629 180 681 igitur
208 628 453 681 parabatur,
492 636 532 664 et
553 638 680 679 opera
703 623 1066 677 oppugnationum
1098 620 1189 658 fieri
1222 629 1381 672 coepta.

56 683 237 733 Perseus,
270 699 365 723 cum
386 682 580 732 audisset,
612 681 729 721 simul
752 681 1001 719 Meliboeam
1021 691 1045 716 a
1064 675 1244 716 consulis
1264 689 1382 715 exer-

56 742 141 780 citu
164 742 412 795 oppugnari,
443 739 560 779 simul
581 739 748 778 classem
770 738 873 776 Iolci
893 736 1012 786 stare,
1036 745 1081 774 ut
1096 734 1201 773 inde
1219 733 1380 773 Deme-

55 799 235 838 triadem
251 798 557 853 aggrederetur,
570 796 896 850 Euphranorem
909 792 1126 846 quendam
1139 806 1192 830 ex
1205 790 1380 831 ducibus

55 871 150 894 eum
170 856 338 895 delectis
352 855 512 894 duobus
526 854 708 893 millibus
722 852 969 892 Meliboeam
983 850 1120 889 mittit.
1144 849 1284 888 eidem
1301 850 1379 888 im-

51 924 264 967 peratum,
296 924 361 962 ut,
396 911 426 950 fi
450 926 474 950 a
496 912 704 951 Meliboea
732 908 999 949 submovisset
1022 909 1258 956 Romanos,
1289 906 1380 945 De·

14 991 23 1003 v
51 970 301 1009 metriadem
323 970 439 1024 prius
461 970 621 1008 oeculto
641 970 795 1007 itinere
817 968 1010 1015 intraret,
1042 979 1164 1018 quam
1190 966 1241 1002 ab
1262 964 1376 1003 Iolco

50 1027 106 1068 ad
124 1030 269 1066 urbem
292 1027 422 1067 castra
443 1037 664 1067 moverent
679 1026 877 1065 Romani.
936 1024 990 1062 Et
1011 1025 1062 1062 ab
1083 1022 1377 1076 oppugiiatori0·

50 1087 128 1125 bus
150 1087 403 1132 Meliboeae,
434 1098 531 1122 cum
560 1084 607 1122 in
631 1083 913 1137 superioribus
933 1081 1035 1120 locis
1054 1080 1232 1134 repente
1251 1092 1376 1133 appa-

49 1143 206 1192 ruisset,
231 1158 325 1182 cum
348 1141 627 1195 trepidatione
647 1142 777 1180 multa
798 1140 943 1177 relicta
962 1151 1090 1191 opera
1110 1137 1218 1186 sunt,
1246 1136 1374 1191 ignis-

48 1215 130 1254 que
148 1202 337 1255 injectus.
369 1200 425 1237 ita
444 1214 467 1238 a
485 1199 690 1238 Meliboea
716 1196 947 1236 abscessum
970 1195 1038 1234 est.
1098 1194 1373 1247 Euphranor,

48 1258 178 1297 soluta
199 1259 322 1297 unius
344 1258 455 1298 urbis
476 1255 704 1305 obsidione,
728 1252 1047 1294 Demetriadem
1069 1252 1280 1305 extemplo
1298 1249 1372 1289 du-

48 1316 115 1354 cit.
146 1329 228 1355 nec
248 1326 334 1353 tum
358 1315 523 1353 moenia
544 1312 681 1362 modo,
710 1311 782 1351 sed
805 1324 922 1365 agros
945 1311 1068 1349 etiam
1099 1309 1370 1349 confiderunt

47 1372 90 1411 se
118 1387 142 1410 a
167 1372 504 1426 populationibus
534 1371 640 1409 tueri
662 1369 798 1424 posse:
836 1379 876 1408 et
896 1365 1138 1422 eruptiones
1168 1368 1216 1406 in
1243 1379 1369 1418 vagos
1416 1378 1423 1385 ‘

44 1429 310 1483 populatores
322 1442 414 1467 non
427 1428 515 1467 line
529 1429 772 1467 vulneribus
791 1425 968 1465 hostium
988 1424 1120 1465 factae
1142 1423 1249 1463 sunt.
1281 1424 1370 1463 Cir-

44 1488 251 1531 cumvecti
274 1497 418 1525 tamen
440 1486 610 1524 moenia
631 1484 727 1523 sunt
745 1494 914 1538 praetor
933 1493 972 1522 et
992 1498 1081 1531 rex,
1109 1481 1229 1520 situm
1251 1481 1367 1520 urbis

43 1545 403 1596 contemplantes,
435 1541 464 1582 si
483 1558 562 1595 qua
581 1554 700 1596 parte
717 1553 881 1580 tentare
903 1550 970 1578 aut
987 1554 1114 1594 opere
1129 1550 1198 1578 aut
1217 1540 1257 1579 vi
1277 1537 1368 1592 pos-

29 1599 148 1652 sent.
207 1602 333 1640 Fama
354 1600 451 1650 suit,
488 1615 565 1654 per
585 1599 822 1652 Cydantem
847 1598 1090 1637 Cretensem
1113 1608 1153 1636 et
1174 1596 1367 1636 Antima-

41 1659 184 1707 chum,
196 1660 266 1712 qui
275 1657 541 1698 Demetriadi
552 1667 987 1710 praeerat,transactas
999 1657 1113 1694 inter
1122 1655 1365 1694 Eumenem

41 1728 84 1756 et
97 1715 238 1755 Persea
257 1716 522 1755 conditiones
542 1716 758 1755 amicitiae.
781 1717 833 1753 ab
846 1712 1120 1753 Demetriade
1140 1724 1252 1752 certe
1273 1714 1364 1752 abs-

40 1773 197 1814 cessum
219 1773 288 1813 est.
348 1773 562 1812 Eumenes
589 1772 643 1811 ad
663 1772 877 1812 consulem
899 1773 1087 1825 navigat:
1118 1771 1361 1825 gratulatus,

39 1831 154 1885 quod
173 1831 371 1886 prospere
390 1829 681 1870 Macedoniam
704 1830 915 1879 intrasset,
951 1831 1196 1882 Pergamum
1223 1828 1272 1867 in
1295 1841 1376 1866 re=.

38 1903 172 1943 gnum
190 1890 286 1928 abit.
328 1888 509 1928 Marcius
530 1889 694 1942 Figulus
717 1899 905 1942 praetor,
935 1897 1053 1942 parte
1074 1885 1206 1925 clasfis
1226 1885 1276 1924 in
1296 1885 1360 1924 hi-

36 1948 172 1985 berna
190 1945 398 1987 Sciathum
416 1944 548 1995 missa,
569 1960 664 1984 eum
676 1946 846 1999 reliquis
864 1946 1042 1985 navibus
1056 1945 1214 1983 Oreum
1228 1943 1358 1982 Boeo-

35 2004 116 2043 tiae
137 2005 260 2057 petit,
295 2017 387 2042 eam
417 2005 565 2042 urbem
595 2003 844 2058 aptislimam
863 2014 998 2052 ratus,
1026 2001 1142 2041 unde
1167 2000 1357 2041 exerciti-

34 2062 134 2110 bus,
163 2062 234 2115 qui
253 2062 301 2100 in
317 2061 586 2109 Macedonia,
615 2062 769 2115 quique
786 2062 835 2101 in
851 2060 1062 2100 Thessalia
1083 2070 1218 2109 erant,
1243 2057 1354 2097 mitti

35 2129 288 2171 commeatus
309 2118 485 2171 possent.
527 2118 598 2157 De
618 2119 811 2159 Eumene
830 2133 927 2171 rege
948 2120 1073 2172 longe
1093 2116 1255 2158 diversa
1272 2126 1354 2154 tra-

35 2174 154 2217 dunt.
212 2177 252 2216 Si
274 2176 441 2215 Valerio
459 2175 622 2216 Antiati
645 2176 810 2226 credas,
841 2185 924 2215 nee
944 2175 1067 2215 classe
1089 2174 1276 2229 adjutum
1296 2174 1351 2212 ab

25 2246 84 2272 -eo
95 2244 330 2287 praetorem
344 2232 439 2282 esse,
458 2247 553 2272 cum
566 2233 685 2288 saepe
698 2248 792 2274 eum
806 2234 938 2273 literis
948 2231 1183 2283 arcessisset,
1198 2230 1324 2271 tradit
1336 2244 1350 2281 ;

34 2304 116 2329 nec
133 2305 226 2330 cum
242 2291 373 2344 gratia
391 2293 443 2329 ab
461 2289 630 2330 consule
650 2291 884 2345 profectum
902 2293 950 2330 in
966 2290 1122 2340 Aliam,
1152 2289 1349 2344 indigna-

32 2357 142 2397 tum,
177 2347 307 2402 quod,
338 2358 383 2387 ut
401 2348 550 2388 iisdem
571 2348 712 2388 castris
738 2348 954 2398 tenderet,
982 2347 1228 2403 permissum
1249 2358 1358 2386 non·

31 2403 169 2444 fuerit.
208 2419 266 2445 ne
287 2417 331 2444 ut
349 2406 506 2458 equites
532 2405 701 2459 quidem
724 2408 893 2458 Gallos,
922 2419 1022 2461 quos
1050 2405 1188 2446 secum
1215 2403 1347 2443 addu-

30 2467 168 2514 xerat,
201 2462 482 2519 relinqueret,
517 2464 735 2519 impetrari
758 2468 810 2505 ab
833 2480 882 2506 eo
907 2463 1109 2521 potuisse-⁷
1132 2476 1135 2477 ⁷
1155 2461 1349 2505 Attalum
1387 2485 1389 2487 ·

640 2524 822 2577 ΡΡ4,
989 2554 992 2558 -
1264 2518 1348 2561 fra·-
