<?xml version="1.0" encoding="UTF-8"?>
<!DOCTYPE html PUBLIC "-//W3C//DTD XHTML 1.0 Transitional//EN"
    "http://www.w3.org/TR/xhtml1/DTD/xhtml1-transitional.dtd">
<html xmlns="http://www.w3.org/1999/xhtml" xml:lang="en" lang="en">
 <head>
  <title>
</title>
<meta http-equiv="Content-Type" content="text/html;charset=utf-8" />
  <meta name='ocr-system' content='tesseract 3.04.00' />
  <meta name='ocr-capabilities' content='ocr_page ocr_carea ocr_par ocr_line ocrx_word'/>
</head>
<body>
  <div class='ocr_page' id='page_1' title='image "./historiarumlib03livyuoft_0044.png"; bbox 0 0 1548 2703; ppageno 0'>
   <div class='ocr_carea' id='block_1_1' title="bbox 159 78 1370 195">
    <p class='ocr_par' dir='ltr' id='par_1_1' title="bbox 159 78 1370 195">
     <span class='ocr_line' id='line_1_1' title="bbox 159 78 1370 137; baseline 0.002 -17"><span class='ocrx_word' id='word_1_1' title='bbox 159 82 212 125; x_wconf 72' lang='lat'>38</span> <span class='ocrx_word' id='word_1_2' title='bbox 294 109 296 111; x_wconf 50' lang='lat'>&gt;</span> <span class='ocrx_word' id='word_1_3' title='bbox 346 81 377 118; x_wconf 90' lang='lat' dir='ltr'>L</span> <span class='ocrx_word' id='word_1_4' title='bbox 409 81 429 118; x_wconf 91' lang='grc' dir='ltr'><strong>Ι</strong></span> <span class='ocrx_word' id='word_1_5' title='bbox 460 79 492 117; x_wconf 85' lang='grc' dir='ltr'>Β</span> <span class='ocrx_word' id='word_1_6' title='bbox 522 78 560 118; x_wconf 85' lang='grc' dir='ltr'>Ε</span> <span class='ocrx_word' id='word_1_7' title='bbox 589 80 629 118; x_wconf 78' lang='lat' dir='ltr'>R</span> <span class='ocrx_word' id='word_1_8' title='bbox 672 82 813 121; x_wconf 85' lang='lat' dir='ltr'><strong>XXXI.</strong></span> <span class='ocrx_word' id='word_1_9' title='bbox 881 81 1303 137; x_wconf 37' lang='lat' dir='ltr'>Cn2xL11sXL111.</span> <span class='ocrx_word' id='word_1_10' title='bbox 1367 129 1370 131; x_wconf 66' lang='lat'>‚</span> 
     </span>
     <span class='ocr_line' id='line_1_2' title="bbox 423 150 1201 195; baseline 0.001 -7"><span class='ocrx_word' id='word_1_11' title='bbox 423 150 474 188; x_wconf 93' lang='lat' dir='ltr'>U.</span> <span class='ocrx_word' id='word_1_12' title='bbox 496 150 540 187; x_wconf 86' lang='lat' dir='ltr'>C.</span> <span class='ocrx_word' id='word_1_13' title='bbox 563 155 661 195; x_wconf 79' lang='lat'>552.</span> <span class='ocrx_word' id='word_1_14' title='bbox 910 166 944 189; x_wconf 87' lang='lat' dir='ltr'>a.</span> <span class='ocrx_word' id='word_1_15' title='bbox 968 153 1009 190; x_wconf 80' lang='lat' dir='ltr'>C.</span> <span class='ocrx_word' id='word_1_16' title='bbox 1033 152 1086 192; x_wconf 84' lang='lat' dir='ltr'>N.</span> <span class='ocrx_word' id='word_1_17' title='bbox 1110 164 1201 194; x_wconf 71' lang='lat'><strong>200.</strong></span> 
     </span>
    </p>
   </div>
   <div class='ocr_carea' id='block_1_2' title="bbox 150 228 1511 2119">
    <p class='ocr_par' dir='ltr' id='par_1_2' title="bbox 150 228 1511 2119">
     <span class='ocr_line' id='line_1_3' title="bbox 269 228 1476 284; baseline 0.002 -19"><span class='ocrx_word' id='word_1_18' title='bbox 269 229 392 269; x_wconf 83' lang='lat' dir='ltr'><strong>XLII.</strong></span> <span class='ocrx_word' id='word_1_19' title='bbox 435 229 660 283; x_wconf 81' lang='lat' dir='ltr'>Philippus,</span> <span class='ocrx_word' id='word_1_20' title='bbox 694 228 771 269; x_wconf 79' lang='lat' dir='ltr'>suis</span> <span class='ocrx_word' id='word_1_21' title='bbox 792 231 871 282; x_wconf 70' lang='lat' dir='ltr'>jam</span> <span class='ocrx_word' id='word_1_22' title='bbox 897 232 1002 268; x_wconf 85' lang='lat' dir='ltr'>vallo</span> <span class='ocrx_word' id='word_1_23' title='bbox 1024 231 1476 284; x_wconf 77' lang='lat' dir='ltr'>appropinquantibus,</span> 
     </span>
     <span class='ocr_line' id='line_1_4' title="bbox 161 282 1481 340; baseline 0.005 -18"><span class='ocrx_word' id='word_1_24' title='bbox 161 282 342 337; x_wconf 82' lang='lat' dir='ltr'>receptui</span> <span class='ocrx_word' id='word_1_25' title='bbox 366 287 463 338; x_wconf 67' lang='lat' dir='ltr'>cani</span> <span class='ocrx_word' id='word_1_26' title='bbox 482 285 600 338; x_wconf 73' lang='lat' dir='ltr'>jussit.</span> <span class='ocrx_word' id='word_1_27' title='bbox 661 285 848 339; x_wconf 71' lang='lat' dir='ltr'>fatigatos</span> <span class='ocrx_word' id='word_1_28' title='bbox 867 288 981 326; x_wconf 88' lang='lat' dir='ltr'>enim</span> <span class='ocrx_word' id='word_1_29' title='bbox 1007 301 1130 340; x_wconf 87' lang='lat' dir='ltr'>equos</span> <span class='ocrx_word' id='word_1_30' title='bbox 1163 288 1354 340; x_wconf 83' lang='lat' dir='ltr'>virosque</span> <span class='ocrx_word' id='word_1_31' title='bbox 1385 300 1481 329; x_wconf 81' lang='lat' dir='ltr'>non</span> 
     </span>
     <span class='ocr_line' id='line_1_5' title="bbox 163 339 1511 398; baseline 0.002 -18"><span class='ocrx_word' id='word_1_32' title='bbox 163 351 244 380; x_wconf 86' lang='lat' dir='ltr'>tam</span> <span class='ocrx_word' id='word_1_33' title='bbox 266 344 439 394; x_wconf 78' lang='lat' dir='ltr'>proelio,</span> <span class='ocrx_word' id='word_1_34' title='bbox 464 358 587 396; x_wconf 83' lang='lat' dir='ltr'>quam</span> <span class='ocrx_word' id='word_1_35' title='bbox 607 345 770 385; x_wconf 79' lang='lat' dir='ltr'>itineris</span> <span class='ocrx_word' id='word_1_36' title='bbox 792 343 906 384; x_wconf 78' lang='lat' dir='ltr'>simul</span> <span class='ocrx_word' id='word_1_37' title='bbox 921 339 1198 398; x_wconf 81' lang='lat' dir='ltr'>longitudine,</span> <span class='ocrx_word' id='word_1_38' title='bbox 1216 344 1336 383; x_wconf 71' lang='lat' dir='ltr'>simul</span> <span class='ocrx_word' id='word_1_39' title='bbox 1361 357 1479 398; x_wconf 81' lang='lat' dir='ltr'>prae·</span> <span class='ocrx_word' id='word_1_40' title='bbox 1507 362 1511 371; x_wconf 89' lang='lat'>·</span> 
     </span>
     <span class='ocr_line' id='line_1_6' title="bbox 162 399 1478 455; baseline 0.004 -20"><span class='ocrx_word' id='word_1_41' title='bbox 162 413 340 451; x_wconf 83' lang='lat' dir='ltr'>propera</span> <span class='ocrx_word' id='word_1_42' title='bbox 372 402 604 450; x_wconf 80' lang='lat' dir='ltr'>celeritate,</span> <span class='ocrx_word' id='word_1_43' title='bbox 634 402 826 442; x_wconf 82' lang='lat' dir='ltr'>habebat.</span> <span class='ocrx_word' id='word_1_44' title='bbox 886 403 1028 454; x_wconf 88' lang='lat' dir='ltr'>ltaque</span> <span class='ocrx_word' id='word_1_45' title='bbox 1057 402 1271 442; x_wconf 82' lang='lat' dir='ltr'><strong>turmatim</strong></span> <span class='ocrx_word' id='word_1_46' title='bbox 1306 399 1478 455; x_wconf 60' lang='lat' dir='ltr'>equites}</span> 
     </span>
     <span class='ocr_line' id='line_1_7' title="bbox 162 456 1483 512; baseline 0.003 -19"><span class='ocrx_word' id='word_1_47' title='bbox 162 456 426 511; x_wconf 73' lang='lat' dir='ltr'>invicemque</span> <span class='ocrx_word' id='word_1_48' title='bbox 452 460 688 512; x_wconf 85' lang='lat' dir='ltr'>manipulos</span> <span class='ocrx_word' id='word_1_49' title='bbox 711 459 812 500; x_wconf 73' lang='lat' dir='ltr'>levis</span> <span class='ocrx_word' id='word_1_50' title='bbox 832 470 1086 508; x_wconf 82' lang='lat' dir='ltr'>armaturae,</span> <span class='ocrx_word' id='word_1_51' title='bbox 1125 470 1318 512; x_wconf 82' lang='lat' dir='ltr'>aquatum</span> <span class='ocrx_word' id='word_1_52' title='bbox 1350 459 1412 497; x_wconf 86' lang='lat' dir='ltr'>ire</span> <span class='ocrx_word' id='word_1_53' title='bbox 1441 467 1483 500; x_wconf 78' lang='lat' dir='ltr'>et</span> 
     </span>
     <span class='ocr_line' id='line_1_8' title="bbox 163 513 1482 569; baseline 0.004 -20"><span class='ocrx_word' id='word_1_54' title='bbox 163 513 374 564; x_wconf 80' lang='lat' dir='ltr'>prandere</span> <span class='ocrx_word' id='word_1_55' title='bbox 396 517 530 569; x_wconf 67' lang='lat' dir='ltr'>jube-12</span> <span class='ocrx_word' id='word_1_56' title='bbox 558 518 657 556; x_wconf 83' lang='lat' dir='ltr'>alios</span> <span class='ocrx_word' id='word_1_57' title='bbox 679 517 727 556; x_wconf 85' lang='lat' dir='ltr'>in</span> <span class='ocrx_word' id='word_1_58' title='bbox 752 516 925 555; x_wconf 77' lang='lat' dir='ltr'>statione</span> <span class='ocrx_word' id='word_1_59' title='bbox 946 527 1126 556; x_wconf 83' lang='lat' dir='ltr'>armatos</span> <span class='ocrx_word' id='word_1_60' title='bbox 1143 517 1322 564; x_wconf 87' lang='lat' dir='ltr'>retinet,</span> <span class='ocrx_word' id='word_1_61' title='bbox 1353 528 1482 568; x_wconf 85' lang='lat' dir='ltr'>oppe-</span> 
     </span>
     <span class='ocr_line' id='line_1_9' title="bbox 162 570 1478 627; baseline 0.002 -19"><span class='ocrx_word' id='word_1_62' title='bbox 162 570 279 610; x_wconf 82' lang='lat' dir='ltr'>riens</span> <span class='ocrx_word' id='word_1_63' title='bbox 300 586 452 626; x_wconf 84' lang='lat' dir='ltr'><strong>agmen</strong></span> <span class='ocrx_word' id='word_1_64' title='bbox 475 573 661 627; x_wconf 76' lang='lat' dir='ltr'>peditum</span> <span class='ocrx_word' id='word_1_65' title='bbox 681 573 837 612; x_wconf 86' lang='lat' dir='ltr'>tardius</span> <span class='ocrx_word' id='word_1_66' title='bbox 855 574 1024 613; x_wconf 85' lang='lat' dir='ltr'>ductum</span> <span class='ocrx_word' id='word_1_67' title='bbox 1045 583 1216 627; x_wconf 78' lang='lat' dir='ltr'>propter</span> <span class='ocrx_word' id='word_1_68' title='bbox 1234 573 1478 627; x_wconf 80' lang='lat' dir='ltr'>gravitatem</span> 
     </span>
     <span class='ocr_line' id='line_1_10' title="bbox 162 630 1479 685; baseline 0.003 -21"><span class='ocrx_word' id='word_1_69' title='bbox 162 641 386 672; x_wconf 86' lang='lat' dir='ltr'>armorum.</span> <span class='ocrx_word' id='word_1_70' title='bbox 450 631 571 682; x_wconf 77' lang='lat' dir='ltr'>Quod</span> <span class='ocrx_word' id='word_1_71' title='bbox 591 633 661 671; x_wconf 86' lang='lat' dir='ltr'>ubi</span> <span class='ocrx_word' id='word_1_72' title='bbox 690 631 884 680; x_wconf 71' lang='lat' dir='ltr'>advenit,</span> <span class='ocrx_word' id='word_1_73' title='bbox 920 642 960 670; x_wconf 90' lang='lat' dir='ltr'>et</span> <span class='ocrx_word' id='word_1_74' title='bbox 983 630 1075 685; x_wconf 71' lang='lat' dir='ltr'>ipsis</span> <span class='ocrx_word' id='word_1_75' title='bbox 1102 632 1379 684; x_wconf 83' lang='lat' dir='ltr'>imperatum,</span> <span class='ocrx_word' id='word_1_76' title='bbox 1419 639 1479 679; x_wconf 88' lang='lat' dir='ltr'>ut,</span> 
     </span>
     <span class='ocr_line' id='line_1_11' title="bbox 164 683 1482 742; baseline 0.003 -20"><span class='ocrx_word' id='word_1_77' title='bbox 164 683 320 727; x_wconf 81' lang='lat' dir='ltr'>statutis</span> <span class='ocrx_word' id='word_1_78' title='bbox 341 687 463 742; x_wconf 76' lang='lat' dir='ltr'>lignis</span> <span class='ocrx_word' id='word_1_79' title='bbox 488 689 695 742; x_wconf 84' lang='lat' dir='ltr'>armisque</span> <span class='ocrx_word' id='word_1_80' title='bbox 718 699 815 727; x_wconf 82' lang='lat' dir='ltr'>ante</span> <span class='ocrx_word' id='word_1_81' title='bbox 838 688 877 728; x_wconf 85' lang='lat' dir='ltr'>se</span> <span class='ocrx_word' id='word_1_82' title='bbox 902 687 1051 742; x_wconf 74' lang='lat' dir='ltr'>positis,</span> <span class='ocrx_word' id='word_1_83' title='bbox 1079 689 1227 741; x_wconf 86' lang='lat' dir='ltr'>raptim</span> <span class='ocrx_word' id='word_1_84' title='bbox 1256 688 1397 727; x_wconf 90' lang='lat' dir='ltr'>cibum</span> <span class='ocrx_word' id='word_1_85' title='bbox 1418 699 1482 726; x_wconf 76' lang='lat' dir='ltr'>ca-</span> 
     </span>
     <span class='ocr_line' id='line_1_12' title="bbox 166 742 1482 798; baseline 0.002 -18"><span class='ocrx_word' id='word_1_86' title='bbox 166 754 339 795; x_wconf 85' lang='lat' dir='ltr'>perent,</span> <span class='ocrx_word' id='word_1_87' title='bbox 383 747 491 785; x_wconf 83' lang='lat' dir='ltr'>binis</span> <span class='ocrx_word' id='word_1_88' title='bbox 521 747 705 786; x_wconf 82' lang='lat' dir='ltr'>ternisve</span> <span class='ocrx_word' id='word_1_89' title='bbox 736 745 941 785; x_wconf 82' lang='lat' dir='ltr'>summum</span> <span class='ocrx_word' id='word_1_90' title='bbox 962 760 1013 785; x_wconf 87' lang='lat' dir='ltr'>ex</span> <span class='ocrx_word' id='word_1_91' title='bbox 1041 745 1266 798; x_wconf 82' lang='lat' dir='ltr'>manipulis</span> <span class='ocrx_word' id='word_1_92' title='bbox 1296 742 1482 796; x_wconf 82' lang='lat' dir='ltr'>aquandi</span> 
     </span>
     <span class='ocr_line' id='line_1_13' title="bbox 163 800 1481 858; baseline 0.003 -22"><span class='ocrx_word' id='word_1_93' title='bbox 163 800 275 838; x_wconf 77' lang='lat' dir='ltr'>causa</span> <span class='ocrx_word' id='word_1_94' title='bbox 313 802 464 845; x_wconf 50' lang='lat' dir='ltr'>minist</span> <span class='ocrx_word' id='word_1_95' title='bbox 497 804 670 842; x_wconf 79' lang='lat' dir='ltr'>interim</span> <span class='ocrx_word' id='word_1_96' title='bbox 699 817 822 858; x_wconf 83' lang='lat' dir='ltr'>eques</span> <span class='ocrx_word' id='word_1_97' title='bbox 852 818 948 843; x_wconf 85' lang='lat' dir='ltr'>cum</span> <span class='ocrx_word' id='word_1_98' title='bbox 980 804 1060 843; x_wconf 90' lang='lat' dir='ltr'>levi</span> <span class='ocrx_word' id='word_1_99' title='bbox 1083 813 1293 841; x_wconf 82' lang='lat' dir='ltr'>armatura</span> <span class='ocrx_word' id='word_1_100' title='bbox 1312 811 1481 855; x_wconf 84' lang='lat' dir='ltr'>paratus</span> 
     </span>
     <span class='ocr_line' id='line_1_14' title="bbox 162 856 1480 914; baseline 0.003 -20"><span class='ocrx_word' id='word_1_101' title='bbox 162 856 464 914; x_wconf 80' lang='lat' dir='ltr'>instructusque</span> <span class='ocrx_word' id='word_1_102' title='bbox 497 860 628 910; x_wconf 79' lang='lat' dir='ltr'>stetit,</span> <span class='ocrx_word' id='word_1_103' title='bbox 674 859 704 902; x_wconf 81' lang='lat' dir='ltr'>fi.</span> <span class='ocrx_word' id='word_1_104' title='bbox 743 861 843 913; x_wconf 88' lang='lat' dir='ltr'>quid</span> <span class='ocrx_word' id='word_1_105' title='bbox 882 860 1006 901; x_wconf 81' lang='lat' dir='ltr'>hostis</span> <span class='ocrx_word' id='word_1_106' title='bbox 1053 857 1251 899; x_wconf 58' lang='lat' dir='ltr'>moveret.</span> <span class='ocrx_word' id='word_1_107' title='bbox 1325 857 1480 907; x_wconf 79' lang='lat' dir='ltr'>Aetoli,</span> 
     </span>
     <span class='ocr_line' id='line_1_15' title="bbox 161 914 1481 971; baseline 0 -18"><span class='ocrx_word' id='word_1_108' title='bbox 161 914 261 965; x_wconf 79' lang='lat' dir='ltr'>(jam</span> <span class='ocrx_word' id='word_1_109' title='bbox 288 918 403 957; x_wconf 86' lang='lat' dir='ltr'>enim</span> <span class='ocrx_word' id='word_1_110' title='bbox 427 929 479 967; x_wconf 84' lang='lat' dir='ltr'>et,</span> <span class='ocrx_word' id='word_1_111' title='bbox 502 932 607 970; x_wconf 85' lang='lat' dir='ltr'>quae</span> <span class='ocrx_word' id='word_1_112' title='bbox 628 931 703 971; x_wconf 87' lang='lat' dir='ltr'>per</span> <span class='ocrx_word' id='word_1_113' title='bbox 722 932 839 971; x_wconf 79' lang='lat' dir='ltr'>agros</span> <span class='ocrx_word' id='word_1_114' title='bbox 854 917 1075 956; x_wconf 80' lang='lat' dir='ltr'>multitudo</span> <span class='ocrx_word' id='word_1_115' title='bbox 1096 915 1229 970; x_wconf 80' lang='lat' dir='ltr'>sparsa</span> <span class='ocrx_word' id='word_1_116' title='bbox 1249 914 1397 964; x_wconf 83' lang='lat' dir='ltr'>fuerat,</span> <span class='ocrx_word' id='word_1_117' title='bbox 1417 928 1481 954; x_wconf 88' lang='lat' dir='ltr'>re-</span> 
     </span>
     <span class='ocr_line' id='line_1_16' title="bbox 162 973 1480 1025; baseline -0.002 -13"><span class='ocrx_word' id='word_1_118' title='bbox 162 985 328 1025; x_wconf 79' lang='lat' dir='ltr'>ceperat</span> <span class='ocrx_word' id='word_1_119' title='bbox 349 973 391 1015; x_wconf 87' lang='lat' dir='ltr'>se</span> <span class='ocrx_word' id='word_1_120' title='bbox 410 976 457 1015; x_wconf 87' lang='lat' dir='ltr'>in</span> <span class='ocrx_word' id='word_1_121' title='bbox 478 974 628 1022; x_wconf 84' lang='lat' dir='ltr'>castra)</span> <span class='ocrx_word' id='word_1_122' title='bbox 649 986 692 1015; x_wconf 87' lang='lat' dir='ltr'>ut</span> <span class='ocrx_word' id='word_1_123' title='bbox 712 974 927 1017; x_wconf 82' lang='lat' dir='ltr'>defensuri</span> <span class='ocrx_word' id='word_1_124' title='bbox 949 976 1227 1022; x_wconf 80' lang='lat' dir='ltr'>munimenta,</span> <span class='ocrx_word' id='word_1_125' title='bbox 1253 974 1365 1012; x_wconf 86' lang='lat' dir='ltr'>circa</span> <span class='ocrx_word' id='word_1_126' title='bbox 1388 986 1480 1025; x_wconf 84' lang='lat' dir='ltr'>por-</span> 
     </span>
     <span class='ocr_line' id='line_1_17' title="bbox 161 1028 1480 1086; baseline -0.001 -18"><span class='ocrx_word' id='word_1_127' title='bbox 161 1038 221 1068; x_wconf 84' lang='lat' dir='ltr'>tas</span> <span class='ocrx_word' id='word_1_128' title='bbox 249 1032 482 1086; x_wconf 86' lang='lat' dir='ltr'>vallumque</span> <span class='ocrx_word' id='word_1_129' title='bbox 513 1043 691 1071; x_wconf 87' lang='lat' dir='ltr'>armatos</span> <span class='ocrx_word' id='word_1_130' title='bbox 723 1031 974 1085; x_wconf 83' lang='lat' dir='ltr'>disponunt,</span> <span class='ocrx_word' id='word_1_131' title='bbox 1020 1032 1122 1071; x_wconf 86' lang='lat' dir='ltr'>dum</span> <span class='ocrx_word' id='word_1_132' title='bbox 1155 1032 1312 1084; x_wconf 79' lang='lat' dir='ltr'>quietos</span> <span class='ocrx_word' id='word_1_133' title='bbox 1343 1028 1480 1069; x_wconf 85' lang='lat' dir='ltr'>hostes</span> 
     </span>
     <span class='ocr_line' id='line_1_18' title="bbox 161 1085 1480 1142; baseline -0.001 -17"><span class='ocrx_word' id='word_1_134' title='bbox 161 1085 235 1139; x_wconf 84' lang='lat' dir='ltr'>ipfi</span> <span class='ocrx_word' id='word_1_135' title='bbox 263 1087 423 1128; x_wconf 82' lang='lat' dir='ltr'>feroces</span> <span class='ocrx_word' id='word_1_136' title='bbox 457 1105 510 1130; x_wconf 81' lang='lat' dir='ltr'>ex</span> <span class='ocrx_word' id='word_1_137' title='bbox 539 1100 624 1128; x_wconf 87' lang='lat' dir='ltr'>tuto</span> <span class='ocrx_word' id='word_1_138' title='bbox 655 1089 913 1142; x_wconf 76' lang='lat' dir='ltr'>spectabant.-</span> <span class='ocrx_word' id='word_1_139' title='bbox 967 1088 1179 1141; x_wconf 78' lang='lat' dir='ltr'>postquam</span> <span class='ocrx_word' id='word_1_140' title='bbox 1215 1098 1329 1126; x_wconf 87' lang='lat' dir='ltr'>mota</span> <span class='ocrx_word' id='word_1_141' title='bbox 1365 1085 1480 1141; x_wconf 75' lang='lat' dir='ltr'>ligna</span> 
     </span>
     <span class='ocr_line' id='line_1_19' title="bbox 163 1145 1480 1199; baseline 0.002 -18"><span class='ocrx_word' id='word_1_142' title='bbox 163 1145 440 1186; x_wconf 75' lang='lat' dir='ltr'>Macedonum</span> <span class='ocrx_word' id='word_1_143' title='bbox 469 1147 585 1195; x_wconf 87' lang='lat' dir='ltr'>sunt,</span> <span class='ocrx_word' id='word_1_144' title='bbox 637 1157 675 1193; x_wconf 79' lang='lat' dir='ltr'>et</span> <span class='ocrx_word' id='word_1_145' title='bbox 697 1146 917 1185; x_wconf 79' lang='lat' dir='ltr'>succedere</span> <span class='ocrx_word' id='word_1_146' title='bbox 944 1147 996 1184; x_wconf 90' lang='lat' dir='ltr'>ad</span> <span class='ocrx_word' id='word_1_147' title='bbox 1017 1147 1171 1185; x_wconf 86' lang='lat' dir='ltr'>vallum</span> <span class='ocrx_word' id='word_1_148' title='bbox 1193 1145 1327 1199; x_wconf 86' lang='lat' dir='ltr'>parati</span> <span class='ocrx_word' id='word_1_149' title='bbox 1356 1153 1480 1196; x_wconf 79' lang='lat' dir='ltr'>atque</span> 
     </span>
     <span class='ocr_line' id='line_1_20' title="bbox 161 1200 1478 1257; baseline -0.001 -18"><span class='ocrx_word' id='word_1_150' title='bbox 161 1200 347 1242; x_wconf 72' lang='lat' dir='ltr'>instructi</span> <span class='ocrx_word' id='word_1_151' title='bbox 377 1219 576 1257; x_wconf 82' lang='lat' dir='ltr'>coepere,</span> <span class='ocrx_word' id='word_1_152' title='bbox 616 1218 763 1243; x_wconf 83' lang='lat' dir='ltr'>omnes</span> <span class='ocrx_word' id='word_1_153' title='bbox 793 1215 996 1257; x_wconf 85' lang='lat' dir='ltr'>repente,</span> <span class='ocrx_word' id='word_1_154' title='bbox 1035 1200 1478 1249; x_wconf 20' lang='lat' dir='ltr'>relictisvstationibus,</span> 
     </span>
     <span class='ocr_line' id='line_1_21' title="bbox 162 1256 1481 1315; baseline -0.002 -18"><span class='ocrx_word' id='word_1_155' title='bbox 162 1273 235 1310; x_wconf 81' lang='lat' dir='ltr'>per</span> <span class='ocrx_word' id='word_1_156' title='bbox 255 1261 434 1301; x_wconf 84' lang='lat' dir='ltr'>aversam</span> <span class='ocrx_word' id='word_1_157' title='bbox 466 1273 629 1315; x_wconf 79' lang='lat' dir='ltr'>partem</span> <span class='ocrx_word' id='word_1_158' title='bbox 658 1261 887 1300; x_wconf 82' lang='lat' dir='ltr'>castrorum</span> <span class='ocrx_word' id='word_1_159' title='bbox 919 1260 971 1298; x_wconf 87' lang='lat' dir='ltr'>ad</span> <span class='ocrx_word' id='word_1_160' title='bbox 996 1261 1224 1308; x_wconf 81' lang='lat' dir='ltr'>tumulum,</span> <span class='ocrx_word' id='word_1_161' title='bbox 1271 1257 1324 1298; x_wconf 86' lang='lat' dir='ltr'>ad</span> <span class='ocrx_word' id='word_1_162' title='bbox 1352 1256 1481 1299; x_wconf 84' lang='lat' dir='ltr'>eastra</span> 
     </span>
     <span class='ocr_line' id='line_1_22' title="bbox 161 1314 1479 1372; baseline -0.001 -19"><span class='ocrx_word' id='word_1_163' title='bbox 161 1314 444 1360; x_wconf 74' lang='lat' dir='ltr'>Athamanum</span> <span class='ocrx_word' id='word_1_164' title='bbox 465 1317 718 1372; x_wconf 75' lang='lat' dir='ltr'>perfugiunt.</span> <span class='ocrx_word' id='word_1_165' title='bbox 779 1319 895 1357; x_wconf 81' lang='lat' dir='ltr'>multi</span> <span class='ocrx_word' id='word_1_166' title='bbox 922 1319 968 1356; x_wconf 90' lang='lat' dir='ltr'>in</span> <span class='ocrx_word' id='word_1_167' title='bbox 1000 1318 1078 1356; x_wconf 87' lang='lat' dir='ltr'>hac</span> <span class='ocrx_word' id='word_1_168' title='bbox 1109 1330 1270 1370; x_wconf 84' lang='lat' dir='ltr'>quoque</span> <span class='ocrx_word' id='word_1_169' title='bbox 1294 1325 1378 1353; x_wconf 86' lang='lat' dir='ltr'>tam</span> <span class='ocrx_word' id='word_1_170' title='bbox 1399 1324 1479 1353; x_wconf 85' lang='lat' dir='ltr'>tre-</span> 
     </span>
     <span class='ocr_line' id='line_1_23' title="bbox 160 1369 1479 1430; baseline 0 -18"><span class='ocrx_word' id='word_1_171' title='bbox 160 1372 256 1424; x_wconf 83' lang='lat' dir='ltr'>pida</span> <span class='ocrx_word' id='word_1_172' title='bbox 280 1373 372 1428; x_wconf 85' lang='lat' dir='ltr'>fuga</span> <span class='ocrx_word' id='word_1_173' title='bbox 394 1377 500 1430; x_wconf 79' lang='lat' dir='ltr'>capti</span> <span class='ocrx_word' id='word_1_174' title='bbox 524 1376 708 1430; x_wconf 65' lang='lat' dir='ltr'>caetique</span> <span class='ocrx_word' id='word_1_175' title='bbox 740 1375 836 1415; x_wconf 83' lang='lat' dir='ltr'>sunt</span> <span class='ocrx_word' id='word_1_176' title='bbox 863 1375 1120 1414; x_wconf 79' lang='lat' dir='ltr'>Aetolorum.</span> <span class='ocrx_word' id='word_1_177' title='bbox 1182 1373 1418 1425; x_wconf 86' lang='lat' dir='ltr'>Philippus,</span> <span class='ocrx_word' id='word_1_178' title='bbox 1448 1369 1479 1412; x_wconf 81' lang='lat' dir='ltr'><strong>fi</strong></span> 
     </span>
     <span class='ocr_line' id='line_1_24' title="bbox 160 1427 1480 1488; baseline -0.001 -20"><span class='ocrx_word' id='word_1_179' title='bbox 160 1427 252 1471; x_wconf 79' lang='lat' dir='ltr'>satis</span> <span class='ocrx_word' id='word_1_180' title='bbox 274 1431 357 1472; x_wconf 88' lang='lat' dir='ltr'>diei</span> <span class='ocrx_word' id='word_1_181' title='bbox 380 1432 626 1488; x_wconf 79' lang='lat' dir='ltr'>superesset,</span> <span class='ocrx_word' id='word_1_182' title='bbox 655 1447 747 1472; x_wconf 84' lang='lat' dir='ltr'>non</span> <span class='ocrx_word' id='word_1_183' title='bbox 770 1432 941 1481; x_wconf 85' lang='lat' dir='ltr'>dubius,</span> <span class='ocrx_word' id='word_1_184' title='bbox 973 1433 1078 1486; x_wconf 85' lang='lat' dir='ltr'>quin</span> <span class='ocrx_word' id='word_1_185' title='bbox 1102 1430 1361 1472; x_wconf 79' lang='lat' dir='ltr'>Athamanes</span> <span class='ocrx_word' id='word_1_186' title='bbox 1381 1443 1480 1482; x_wconf 88' lang='lat' dir='ltr'>quo-</span> 
     </span>
     <span class='ocr_line' id='line_1_25' title="bbox 157 1485 1487 1543; baseline 0 -17"><span class='ocrx_word' id='word_1_187' title='bbox 157 1502 236 1541; x_wconf 85' lang='lat' dir='ltr'>que</span> <span class='ocrx_word' id='word_1_188' title='bbox 264 1491 358 1534; x_wconf 84' lang='lat' dir='ltr'>exui</span> <span class='ocrx_word' id='word_1_189' title='bbox 386 1490 526 1530; x_wconf 86' lang='lat' dir='ltr'>castris</span> <span class='ocrx_word' id='word_1_190' title='bbox 558 1489 805 1543; x_wconf 85' lang='lat' dir='ltr'>potuissent,</span> <span class='ocrx_word' id='word_1_191' title='bbox 845 1489 912 1529; x_wconf 81' lang='lat' dir='ltr'>die</span> <span class='ocrx_word' id='word_1_192' title='bbox 942 1505 1017 1543; x_wconf 79' lang='lat' dir='ltr'>per</span> <span class='ocrx_word' id='word_1_193' title='bbox 1046 1489 1278 1542; x_wconf 80' lang='lat' dir='ltr'>proelium,</span> <span class='ocrx_word' id='word_1_194' title='bbox 1320 1485 1487 1530; x_wconf 68' lang='lat' dir='ltr'>deinde,</span> 
     </span>
     <span class='ocr_line' id='line_1_26' title="bbox 157 1543 1478 1600; baseline -0.002 -16"><span class='ocrx_word' id='word_1_195' title='bbox 157 1559 232 1598; x_wconf 80' lang='lat' dir='ltr'>per</span> <span class='ocrx_word' id='word_1_196' title='bbox 258 1545 540 1600; x_wconf 79' lang='lat' dir='ltr'>direptionem</span> <span class='ocrx_word' id='word_1_197' title='bbox 567 1547 791 1586; x_wconf 87' lang='lat' dir='ltr'>castrorum</span> <span class='ocrx_word' id='word_1_198' title='bbox 816 1547 1014 1594; x_wconf 80' lang='lat' dir='ltr'>absumto,</span> <span class='ocrx_word' id='word_1_199' title='bbox 1046 1545 1119 1586; x_wconf 86' lang='lat' dir='ltr'>sub</span> <span class='ocrx_word' id='word_1_200' title='bbox 1139 1543 1297 1584; x_wconf 80' lang='lat' dir='ltr'>tumulo</span> <span class='ocrx_word' id='word_1_201' title='bbox 1318 1544 1365 1581; x_wconf 84' lang='lat' dir='ltr'>in</span> <span class='ocrx_word' id='word_1_202' title='bbox 1386 1557 1478 1597; x_wconf 87' lang='lat' dir='ltr'>pro·</span> 
     </span>
     <span class='ocr_line' id='line_1_27' title="bbox 155 1599 1477 1658; baseline -0.002 -16"><span class='ocrx_word' id='word_1_203' title='bbox 155 1603 268 1642; x_wconf 76' lang='lat' dir='ltr'>xima</span> <span class='ocrx_word' id='word_1_204' title='bbox 286 1605 462 1657; x_wconf 73' lang='lat' dir='ltr'>planitie</span> <span class='ocrx_word' id='word_1_205' title='bbox 485 1603 699 1654; x_wconf 78' lang='lat' dir='ltr'>consedit,</span> <span class='ocrx_word' id='word_1_206' title='bbox 740 1606 874 1658; x_wconf 82' lang='lat' dir='ltr'>prima</span> <span class='ocrx_word' id='word_1_207' title='bbox 903 1606 992 1643; x_wconf 89' lang='lat' dir='ltr'>luce</span> <span class='ocrx_word' id='word_1_208' title='bbox 1014 1602 1274 1655; x_wconf 83' lang='lat' dir='ltr'>insequentis</span> <span class='ocrx_word' id='word_1_209' title='bbox 1301 1599 1384 1640; x_wconf 71' lang='lat' dir='ltr'>diei</span> <span class='ocrx_word' id='word_1_210' title='bbox 1405 1601 1477 1640; x_wconf 87' lang='lat' dir='ltr'>ho·</span> 
     </span>
     <span class='ocr_line' id='line_1_28' title="bbox 154 1655 1477 1715; baseline 0.002 -18"><span class='ocrx_word' id='word_1_211' title='bbox 154 1659 253 1698; x_wconf 80' lang='lat' dir='ltr'>stem</span> <span class='ocrx_word' id='word_1_212' title='bbox 285 1661 553 1715; x_wconf 75' lang='lat' dir='ltr'>aggressurus.</span> <span class='ocrx_word' id='word_1_213' title='bbox 622 1662 702 1702; x_wconf 76' lang='lat' dir='ltr'>Sed</span> <span class='ocrx_word' id='word_1_214' title='bbox 733 1662 868 1702; x_wconf 84' lang='lat' dir='ltr'>Aetoli</span> <span class='ocrx_word' id='word_1_215' title='bbox 897 1661 1042 1700; x_wconf 76' lang='lat' dir='ltr'>eodem</span> <span class='ocrx_word' id='word_1_216' title='bbox 1072 1673 1250 1714; x_wconf 81' lang='lat' dir='ltr'>pavore,</span> <span class='ocrx_word' id='word_1_217' title='bbox 1297 1672 1378 1711; x_wconf 89' lang='lat' dir='ltr'>quo</span> <span class='ocrx_word' id='word_1_218' title='bbox 1406 1655 1477 1699; x_wconf 74' lang='lat' dir='ltr'>sua</span> 
     </span>
     <span class='ocr_line' id='line_1_29' title="bbox 153 1716 1477 1773; baseline -0.004 -16"><span class='ocrx_word' id='word_1_219' title='bbox 153 1717 284 1757; x_wconf 67' lang='lat' dir='ltr'>castra</span> <span class='ocrx_word' id='word_1_220' title='bbox 304 1720 578 1772; x_wconf 77' lang='lat' dir='ltr'>reliquerant,</span> <span class='ocrx_word' id='word_1_221' title='bbox 599 1731 722 1758; x_wconf 80' lang='lat' dir='ltr'>nocte</span> <span class='ocrx_word' id='word_1_222' title='bbox 738 1720 926 1773; x_wconf 78' lang='lat' dir='ltr'>proxima</span> <span class='ocrx_word' id='word_1_223' title='bbox 946 1717 1113 1771; x_wconf 74' lang='lat' dir='ltr'>dispersi</span> <span class='ocrx_word' id='word_1_224' title='bbox 1136 1716 1346 1770; x_wconf 83' lang='lat' dir='ltr'>fugerunt.</span> <span class='ocrx_word' id='word_1_225' title='bbox 1392 1717 1477 1755; x_wconf 84' lang='lat' dir='ltr'>Ma.</span> 
     </span>
     <span class='ocr_line' id='line_1_30' title="bbox 153 1773 1477 1830; baseline -0.001 -16"><span class='ocrx_word' id='word_1_226' title='bbox 153 1775 266 1819; x_wconf 75' lang='lat' dir='ltr'>ximo</span> <span class='ocrx_word' id='word_1_227' title='bbox 293 1776 380 1816; x_wconf 88' lang='lat' dir='ltr'>usui</span> <span class='ocrx_word' id='word_1_228' title='bbox 401 1776 478 1816; x_wconf 86' lang='lat' dir='ltr'>suit</span> <span class='ocrx_word' id='word_1_229' title='bbox 498 1775 803 1829; x_wconf 78' lang='lat' dir='ltr'>Amynander,</span> <span class='ocrx_word' id='word_1_230' title='bbox 847 1791 928 1830; x_wconf 85' lang='lat' dir='ltr'>quo</span> <span class='ocrx_word' id='word_1_231' title='bbox 962 1775 1066 1814; x_wconf 82' lang='lat' dir='ltr'>duee</span> <span class='ocrx_word' id='word_1_232' title='bbox 1094 1773 1376 1822; x_wconf 82' lang='lat' dir='ltr'>Athamanes,</span> <span class='ocrx_word' id='word_1_233' title='bbox 1414 1773 1477 1813; x_wconf 87' lang='lat' dir='ltr'>iti-</span> 
     </span>
     <span class='ocr_line' id='line_1_31' title="bbox 150 1829 1476 1888; baseline -0.001 -17"><span class='ocrx_word' id='word_1_234' title='bbox 150 1845 304 1872; x_wconf 81' lang='lat' dir='ltr'>nerum</span> <span class='ocrx_word' id='word_1_235' title='bbox 337 1834 482 1888; x_wconf 84' lang='lat' dir='ltr'>periti,</span> <span class='ocrx_word' id='word_1_236' title='bbox 531 1834 699 1873; x_wconf 84' lang='lat' dir='ltr'>summis</span> <span class='ocrx_word' id='word_1_237' title='bbox 728 1836 940 1873; x_wconf 85' lang='lat' dir='ltr'>montibus</span> <span class='ocrx_word' id='word_1_238' title='bbox 969 1848 1045 1886; x_wconf 88' lang='lat' dir='ltr'>per</span> <span class='ocrx_word' id='word_1_239' title='bbox 1074 1834 1197 1872; x_wconf 83' lang='lat' dir='ltr'>ealles</span> <span class='ocrx_word' id='word_1_240' title='bbox 1228 1831 1390 1884; x_wconf 83' lang='lat' dir='ltr'>ignotos</span> <span class='ocrx_word' id='word_1_241' title='bbox 1420 1829 1476 1870; x_wconf 82' lang='lat' dir='ltr'>se·</span> 
     </span>
     <span class='ocr_line' id='line_1_32' title="bbox 150 1889 1488 1945; baseline -0.002 -16"><span class='ocrx_word' id='word_1_242' title='bbox 150 1891 374 1945; x_wconf 76' lang='lat' dir='ltr'>quentibus</span> <span class='ocrx_word' id='word_1_243' title='bbox 407 1904 475 1930; x_wconf 86' lang='lat' dir='ltr'>eos</span> <span class='ocrx_word' id='word_1_244' title='bbox 506 1891 688 1930; x_wconf 82' lang='lat' dir='ltr'>hostibus</span> <span class='ocrx_word' id='word_1_245' title='bbox 712 1892 759 1930; x_wconf 85' lang='lat' dir='ltr'>in</span> <span class='ocrx_word' id='word_1_246' title='bbox 785 1890 989 1932; x_wconf 83' lang='lat' dir='ltr'>Aetoliam</span> <span class='ocrx_word' id='word_1_247' title='bbox 1018 1889 1323 1944; x_wconf 81' lang='lat' dir='ltr'>perduxerunt.</span> <span class='ocrx_word' id='word_1_248' title='bbox 1380 1900 1488 1930; x_wconf 59' lang='lat' dir='ltr'>nom</span> 
     </span>
     <span class='ocr_line' id='line_1_33' title="bbox 150 1943 1475 2003; baseline -0.001 -18"><span class='ocrx_word' id='word_1_249' title='bbox 150 1947 205 1991; x_wconf 78' lang='lat' dir='ltr'>ita</span> <span class='ocrx_word' id='word_1_250' title='bbox 232 1949 382 1991; x_wconf 80' lang='lat' dir='ltr'>multos</span> <span class='ocrx_word' id='word_1_251' title='bbox 411 1949 460 1990; x_wconf 85' lang='lat' dir='ltr'>in.</span> <span class='ocrx_word' id='word_1_252' title='bbox 491 1947 671 2003; x_wconf 80' lang='lat' dir='ltr'>dispersa</span> <span class='ocrx_word' id='word_1_253' title='bbox 703 1947 795 2002; x_wconf 76' lang='lat' dir='ltr'>fuga</span> <span class='ocrx_word' id='word_1_254' title='bbox 815 1963 932 1987; x_wconf 81' lang='lat' dir='ltr'>error</span> <span class='ocrx_word' id='word_1_255' title='bbox 952 1947 1093 1987; x_wconf 82' lang='lat' dir='ltr'>intulit</span> <span class='ocrx_word' id='word_1_256' title='bbox 1111 1948 1157 1987; x_wconf 87' lang='lat' dir='ltr'>in</span> <span class='ocrx_word' id='word_1_257' title='bbox 1190 1943 1475 1997; x_wconf 74' lang='lat' dir='ltr'>Macedonum</span> 
     </span>
     <span class='ocr_line' id='line_1_34' title="bbox 151 2003 1474 2060; baseline 0.001 -18"><span class='ocrx_word' id='word_1_258' title='bbox 151 2005 333 2058; x_wconf 79' lang='lat' dir='ltr'>equites,</span> <span class='ocrx_word' id='word_1_259' title='bbox 362 2018 464 2060; x_wconf 88' lang='lat' dir='ltr'>quos</span> <span class='ocrx_word' id='word_1_260' title='bbox 492 2006 583 2044; x_wconf 86' lang='lat' dir='ltr'>luce</span> <span class='ocrx_word' id='word_1_261' title='bbox 604 2006 738 2059; x_wconf 84' lang='lat' dir='ltr'>prima</span> <span class='ocrx_word' id='word_1_262' title='bbox 763 2006 995 2058; x_wconf 85' lang='lat' dir='ltr'>Philippus,</span> <span class='ocrx_word' id='word_1_263' title='bbox 1036 2014 1079 2042; x_wconf 91' lang='lat' dir='ltr'>ut</span> <span class='ocrx_word' id='word_1_264' title='bbox 1109 2003 1317 2044; x_wconf 86' lang='lat' dir='ltr'>desertum</span> <span class='ocrx_word' id='word_1_265' title='bbox 1341 2013 1474 2043; x_wconf 86' lang='lat' dir='ltr'>tumu-</span> 
     </span>
     <span class='ocr_line' id='line_1_35' title="bbox 150 2055 1344 2119; baseline -0.002 -19"><span class='ocrx_word' id='word_1_266' title='bbox 150 2062 236 2101; x_wconf 84' lang='lat' dir='ltr'>lum</span> <span class='ocrx_word' id='word_1_267' title='bbox 258 2062 385 2115; x_wconf 80' lang='lat' dir='ltr'>vidit,</span> <span class='ocrx_word' id='word_1_268' title='bbox 416 2062 470 2103; x_wconf 80' lang='lat' dir='ltr'>ad</span> <span class='ocrx_word' id='word_1_269' title='bbox 490 2062 751 2119; x_wconf 83' lang='lat' dir='ltr'>carpendum</span> <span class='ocrx_word' id='word_1_270' title='bbox 773 2062 951 2104; x_wconf 82' lang='lat' dir='ltr'>hostium</span> <span class='ocrx_word' id='word_1_271' title='bbox 977 2075 1129 2117; x_wconf 82' lang='lat' dir='ltr'>agmen</span> <span class='ocrx_word' id='word_1_272' title='bbox 1149 2061 1267 2102; x_wconf 73' lang='lat' dir='ltr'>milit.</span> <span class='ocrx_word' id='word_1_273' title='bbox 1308 2075 1313 2079; x_wconf 63' lang='lat'><strong>⁴</strong></span> <span class='ocrx_word' id='word_1_274' title='bbox 1339 2055 1344 2061; x_wconf 71' lang='grc'><em>’</em></span> 
     </span>
    </p>
   </div>
   <div class='ocr_carea' id='block_1_3' title="bbox 712 138 955 148">
    <p class='ocr_par' dir='ltr' id='par_1_3' title="bbox 712 138 955 148">
     <span class='ocr_line' id='line_1_36' title="bbox 712 138 955 148; baseline 0 2555"><span class='ocrx_word' id='word_1_275' title='bbox 712 138 955 148; x_wconf 95' lang='lat' dir='ltr'> </span> 
     </span>
    </p>
   </div>
   <div class='ocr_carea' id='block_1_4' title="bbox 157 199 673 216">
    <p class='ocr_par' dir='ltr' id='par_1_4' title="bbox 157 199 673 216">
     <span class='ocr_line' id='line_1_37' title="bbox 157 199 673 216; baseline 0 2487"><span class='ocrx_word' id='word_1_276' title='bbox 157 199 673 216; x_wconf 95' lang='lat' dir='ltr'> </span> 
     </span>
    </p>
   </div>
   <div class='ocr_carea' id='block_1_5' title="bbox 150 2172 1475 2560">
    <p class='ocr_par' dir='ltr' id='par_1_5' title="bbox 150 2172 1475 2520">
     <span class='ocr_line' id='line_1_38' title="bbox 265 2172 1473 2228; baseline -0.002 -13"><span class='ocrx_word' id='word_1_277' title='bbox 265 2178 413 2217; x_wconf 84' lang='lat' dir='ltr'><strong>XLIII.</strong></span> <span class='ocrx_word' id='word_1_278' title='bbox 475 2178 551 2216; x_wconf 77' lang='lat' dir='ltr'>Per</span> <span class='ocrx_word' id='word_1_279' title='bbox 572 2190 640 2216; x_wconf 84' lang='lat' dir='ltr'>eos</span> <span class='ocrx_word' id='word_1_280' title='bbox 662 2175 749 2216; x_wconf 80' lang='lat' dir='ltr'>dies</span> <span class='ocrx_word' id='word_1_281' title='bbox 773 2187 812 2215; x_wconf 88' lang='lat' dir='ltr'>et</span> <span class='ocrx_word' id='word_1_282' title='bbox 838 2173 1127 2228; x_wconf 81' lang='lat' dir='ltr'>Athenagoras</span> <span class='ocrx_word' id='word_1_283' title='bbox 1154 2175 1292 2228; x_wconf 83' lang='lat' dir='ltr'>regius</span> <span class='ocrx_word' id='word_1_284' title='bbox 1313 2172 1473 2228; x_wconf 81' lang='lat' dir='ltr'>praese-</span> 
     </span>
     <span class='ocr_line' id='line_1_39' title="bbox 150 2230 1474 2288; baseline -0.002 -15"><span class='ocrx_word' id='word_1_285' title='bbox 150 2234 258 2279; x_wconf 82' lang='lat' dir='ltr'>ctus,</span> <span class='ocrx_word' id='word_1_286' title='bbox 290 2234 521 2274; x_wconf 78' lang='lat' dir='ltr'>Dardanos</span> <span class='ocrx_word' id='word_1_287' title='bbox 541 2235 793 2288; x_wconf 80' lang='lat' dir='ltr'>recipientes</span> <span class='ocrx_word' id='word_1_288' title='bbox 816 2233 856 2273; x_wconf 84' lang='lat' dir='ltr'>se</span> <span class='ocrx_word' id='word_1_289' title='bbox 880 2234 928 2272; x_wconf 89' lang='lat' dir='ltr'>in</span> <span class='ocrx_word' id='word_1_290' title='bbox 958 2233 1063 2272; x_wconf 80' lang='lat' dir='ltr'>fines</span> <span class='ocrx_word' id='word_1_291' title='bbox 1095 2232 1289 2286; x_wconf 80' lang='lat' dir='ltr'>adeptus,</span> <span class='ocrx_word' id='word_1_292' title='bbox 1320 2230 1474 2284; x_wconf 82' lang='lat' dir='ltr'>postre-</span> 
     </span>
     <span class='ocr_line' id='line_1_40' title="bbox 151 2287 1473 2346; baseline 0 -17"><span class='ocrx_word' id='word_1_293' title='bbox 151 2307 265 2343; x_wconf 82' lang='lat' dir='ltr'>mum</span> <span class='ocrx_word' id='word_1_294' title='bbox 288 2306 437 2331; x_wconf 56' lang='lat' dir='ltr'>acmen</span> <span class='ocrx_word' id='word_1_295' title='bbox 461 2293 599 2346; x_wconf 82' lang='lat' dir='ltr'>primo</span> <span class='ocrx_word' id='word_1_296' title='bbox 627 2293 825 2332; x_wconf 60' lang='lat' dir='ltr'>turbavit:</span> <span class='ocrx_word' id='word_1_297' title='bbox 867 2289 994 2339; x_wconf 84' lang='lat' dir='ltr'>dein,</span> <span class='ocrx_word' id='word_1_298' title='bbox 1032 2290 1248 2344; x_wconf 75' lang='lat' dir='ltr'>postquam</span> <span class='ocrx_word' id='word_1_299' title='bbox 1276 2287 1473 2329; x_wconf 80' lang='lat' dir='ltr'>Dardani</span> 
     </span>
     <span class='ocr_line' id='line_1_41' title="bbox 150 2344 1472 2402; baseline -0.002 -14"><span class='ocrx_word' id='word_1_300' title='bbox 150 2364 307 2390; x_wconf 75' lang='lat' dir='ltr'>conver</span> <span class='ocrx_word' id='word_1_301' title='bbox 325 2351 358 2390; x_wconf 86' lang='lat' dir='ltr'>is</span> <span class='ocrx_word' id='word_1_302' title='bbox 380 2349 505 2402; x_wconf 76' lang='lat' dir='ltr'>signis</span> <span class='ocrx_word' id='word_1_303' title='bbox 526 2349 717 2390; x_wconf 76' lang='lat' dir='ltr'>direxere</span> <span class='ocrx_word' id='word_1_304' title='bbox 738 2349 866 2388; x_wconf 85' lang='lat' dir='ltr'>aciem</span> <span class='ocrx_word' id='word_1_305' title='bbox 883 2375 894 2394; x_wconf 79' lang='lat'>,</span> <span class='ocrx_word' id='word_1_306' title='bbox 923 2362 1053 2401; x_wconf 83' lang='lat' dir='ltr'>aequa</span> <span class='ocrx_word' id='word_1_307' title='bbox 1075 2357 1214 2402; x_wconf 84' lang='lat' dir='ltr'>pugna</span> <span class='ocrx_word' id='word_1_308' title='bbox 1233 2344 1334 2399; x_wconf 79' lang='lat' dir='ltr'>justo</span> <span class='ocrx_word' id='word_1_309' title='bbox 1354 2350 1472 2400; x_wconf 68' lang='lat' dir='ltr'>proe-</span> 
     </span>
     <span class='ocr_line' id='line_1_42' title="bbox 154 2403 1475 2461; baseline -0.001 -17"><span class='ocrx_word' id='word_1_310' title='bbox 154 2407 208 2445; x_wconf 78' lang='lat' dir='ltr'>lio</span> <span class='ocrx_word' id='word_1_311' title='bbox 223 2420 324 2447; x_wconf 82' lang='lat' dir='ltr'>erat.</span> <span class='ocrx_word' id='word_1_312' title='bbox 357 2408 429 2448; x_wconf 83' lang='lat' dir='ltr'>ubi</span> <span class='ocrx_word' id='word_1_313' title='bbox 450 2406 590 2446; x_wconf 85' lang='lat' dir='ltr'>rursus</span> <span class='ocrx_word' id='word_1_314' title='bbox 608 2405 838 2461; x_wconf 85' lang='lat' dir='ltr'>procedere</span> <span class='ocrx_word' id='word_1_315' title='bbox 852 2404 1048 2445; x_wconf 84' lang='lat' dir='ltr'>Dardani</span> <span class='ocrx_word' id='word_1_316' title='bbox 1069 2403 1310 2459; x_wconf 83' lang='lat' dir='ltr'>coepissent,</span> <span class='ocrx_word' id='word_1_317' title='bbox 1334 2403 1475 2457; x_wconf 67' lang='lat' dir='ltr'>equite</span> 
     </span>
     <span class='ocr_line' id='line_1_43' title="bbox 152 2458 1472 2520; baseline -0.001 -17"><span class='ocrx_word' id='word_1_318' title='bbox 152 2476 192 2503; x_wconf 73' lang='lat' dir='ltr'>et</span> <span class='ocrx_word' id='word_1_319' title='bbox 219 2466 301 2508; x_wconf 80' lang='lat' dir='ltr'>levi</span> <span class='ocrx_word' id='word_1_320' title='bbox 326 2476 539 2508; x_wconf 78' lang='lat' dir='ltr'>armatura</span> <span class='ocrx_word' id='word_1_321' title='bbox 558 2465 676 2520; x_wconf 81' lang='lat' dir='ltr'>regii,</span> <span class='ocrx_word' id='word_1_322' title='bbox 701 2464 865 2505; x_wconf 81' lang='lat' dir='ltr'>nullum</span> <span class='ocrx_word' id='word_1_323' title='bbox 886 2464 976 2505; x_wconf 83' lang='lat' dir='ltr'>talis</span> <span class='ocrx_word' id='word_1_324' title='bbox 995 2458 1140 2504; x_wconf 84' lang='lat' dir='ltr'>auxilii</span> <span class='ocrx_word' id='word_1_325' title='bbox 1163 2474 1294 2518; x_wconf 85' lang='lat' dir='ltr'>genus</span> <span class='ocrx_word' id='word_1_326' title='bbox 1313 2462 1472 2503; x_wconf 81' lang='lat' dir='ltr'>haben-</span> 
     </span>
    </p>

    <p class='ocr_par' dir='ltr' id='par_1_6' title="bbox 731 2529 1470 2560">
     <span class='ocr_line' id='line_1_44' title="bbox 731 2529 1470 2560; baseline -0.003 2"><span class='ocrx_word' id='word_1_327' title='bbox 731 2546 734 2547; x_wconf 31' lang='grc' dir='ltr'><em>ν</em></span> <span class='ocrx_word' id='word_1_328' title='bbox 1410 2529 1470 2560; x_wconf 85' lang='lat' dir='ltr'>tes</span> 
     </span>
    </p>
   </div>
  </div>
 </body>
</html>
