1548 2703
102 113 1422 129 —ffl———fflm———fflffl

98 182 883 201 ---———-----‚—--—

82 221 301 267 ‘panorum
321 209 525 263 oppidum
548 207 660 247 versa
684 221 902 259 nunquam
922 210 998 245 nili
1021 210 1288 261 frequentes,
1323 222 1422 262 pars

93 269 215 311 tertia
234 267 336 315 fere,
358 267 470 319 cujus
489 267 682 320 proxima
701 276 826 303 nocte
840 266 1002 318 vigiliae
1020 266 1068 304 in
1086 267 1217 306 muris
1237 266 1422 316 fuerant,

97 325 433 380 egrediebantur.
503 323 631 363 Causa
660 321 844 361 exeundi
877 323 982 361 haec
1013 333 1124 362 erat:
1164 324 1421 363 commercio

93 398 240 424 eorum
263 383 461 436 Hispani,
502 379 795 433 imprudentes
826 381 974 429 maris,
1011 380 1274 434 gaudebantt
1313 395 1422 420 mer-

93 442 260 494 carique
291 451 332 479 et
356 439 430 493 ipfi
454 453 522 487 ea,
554 452 659 491 quae
683 443 861 477 externa
885 439 1060 477 navibus
1092 438 1417 493 inveherentur,

93 509 135 539 et
159 512 351 552 agrorum
373 498 539 550 exigere
561 496 742 545 fruetus,
774 497 983 534 volebant.
1022 495 1143 546 hujus
1167 497 1300 535 mutui
1324 495 1419 536 usus

94 555 362 602 desiderium,
399 564 443 592 ut
467 555 656 606 Hispana
683 555 781 591 urbs
805 553 978 592 Graecis
1008 564 1192 606 pateret,
1223 552 1415 593 faciebat.

93 613 227 655 Erant
246 612 371 652 etiam
394 625 442 650 eo
462 612 654 660 tutiores,
686 610 798 664 quod
815 610 888 649 sub
908 613 1057 649 umbra
1074 613 1295 650 Romanae
1317 612 1418 650 ami-

93 672 214 712 citiae
246 671 452 709 latebant:
493 684 616 722 quam
655 668 754 707 sicut
791 669 1028 708 minoribus
1068 670 1248 717 viribus,
1290 684 1417 722 quam

92 724 385 776 Massilienses,
424 728 517 781 pari
539 728 734 765 colebant
754 725 848 765 fide.
891 737 993 765 tunc
1013 741 1178 780 quoque
1198 726 1416 766 consulem

93 786 404 838 exercitumque
434 785 608 823 comiter
638 799 686 824 ac
716 785 901 837 benigne
933 795 1199 838 acceperunt.
1259 785 1415 823 Paucos

89 845 150 885 ibi
180 853 360 882 moratus
387 841 473 881 dies
499 845 620 890 Cato,
652 842 752 881 dum
778 843 1040 895 exploraret,
1069 843 1139 881 ubi
1168 852 1208 880 et
1231 852 1416 895 quantae

15 890 16 918 ³
75 900 268 942 'hostium
290 901 434 953 copiae
463 900 620 948 essent;
649 910 693 939 ut
714 914 771 940 ne
792 914 910 938 mora
941 899 1111 954 quidem
1134 899 1269 952 segnis
1299 899 1413 949 esset,

89 973 218 999 omne
250 957 295 997 id
323 968 486 1011 tempus
521 957 769 998 exercendis
805 958 1003 997 militibus
1036 956 1272 996 consumsit.
1362 957 1416 996 Id

89 1027 178 1056 erat
207 1015 313 1056 forte
346 1026 510 1069 tempus
543 1017 669 1064 anni,
705 1026 749 1054 ut
776 1014 1037 1054 frumentum
1067 1016 1116 1054 in
1148 1016 1253 1054 areis
1285 1014 1413 1055 habe-

13 1080 14 1092 *
71 1069 200 1114 ‘³rent.
245 1073 402 1125 itaque,
444 1073 749 1114 redemtoribus
782 1074 916 1113 vetitis
954 1071 1214 1112 frumentum
1245 1087 1410 1126 parare,

91 1146 140 1170 ac
159 1133 337 1170 Romam
361 1130 552 1180 dimisfis‚
592 1130 761 1178 Bellum,
794 1132 950 1184 inquit,
973 1130 1016 1183 se
1040 1131 1164 1184 ipsum
1183 1129 1271 1170 alet.
1315 1131 1410 1169 Pro-

87 1188 220 1228 fectus
242 1191 293 1228 ab
312 1187 522 1241 Emporiis
547 1202 665 1242 agros
689 1187 869 1228 hostium
896 1189 980 1230 urit
1002 1187 1233 1242 vastatque:
1264 1188 1409 1228 omnia

86 1245 184 1301 fuga
203 1257 243 1285 et
263 1257 421 1286 terrore
444 1248 636 1300 complet.

197 1362 260 1400 X„
303 1360 465 1401 Eodem
477 1357 686 1417 ‘tempere
710 1364 768 1403 M.
788 1364 958 1413 Helvi0‚
989 1361 1213 1418 decedenti
1234 1375 1288 1403 ex
1308 1363 1410 1403 ulte-

85 1419 197 1458 riore
221 1419 423 1473 Hispania
448 1435 539 1458 cum
556 1420 768 1474 *praesidio
796 1421 868 1460 sex
896 1422 1098 1471 millium,
1128 1421 1224 1460 dato
1251 1420 1407 1475 abAp.

85 1475 260 1516 Claudio
284 1482 497 1530 praetore,
530 1480 724 1518 Celtiberi
749 1481 915 1533 agmine
938 1479 1103 1533 ingenti
1126 1479 1177 1517 ad
1200 1479 1407 1533 oppidum

86 1534 264 1587 Illiturgi
286 1546 571 1575 occurrerunt.
633 1538 792 1590 Viginti
824 1538 956 1576 millia
988 1549 1238 1575 armatorum
1270 1535 1406 1584 fuisse,

86 1592 277 1647 Valerius
296 1591 455 1631 scribit:
497 1593 717 1634 duodecim
738 1595 869 1634 millia
891 1606 943 1634 ex
965 1595 1014 1634 iis
1036 1594 1170 1644 caesa,
1186 1595 1408 1649 ‘oppidum

84 1649 262 1701 Illiturgi
282 1661 517 1704 receptum,
555 1664 596 1690 et
618 1655 796 1705 puberes
818 1667 965 1693 omnes
987 1652 1243 1691 interfectos.
1297 1651 1409 1691 Inde

85 1705 140 1744 ad
163 1706 299 1745 Castra
323 1709 490 1748 Catonis
515 1710 686 1749 Helvius
716 1712 923 1765 pervenit.
981 1721 1046 1758 et,
1082 1711 1177 1763 quia
1206 1721 1292 1751 tuta
1319 1710 1406 1763 jam

83 1765 136 1801 ab
154 1762 335 1803 hostibus
356 1767 470 1819 regio
491 1778 592 1816 erat,
609 1767 811 1820 praesidio
831 1770 877 1807 in
895 1770 1136 1807 'ulteriorem
1153 1769 1404 1822 Hispaniam

72 1820 264 1870 remisso,
285 1823 462 1861 Romam
486 1823 543 1863 est
563 1825 791 1878 prosectu&
809 1836 850 1865 et
868 1828 920 1865 ob
939 1840 1029 1864 rem
1050 1825 1230 1865 feliciter
1251 1825 1406 1879 gestam

80 1891 212 1917 ovans
236 1881 383 1918 urbem
405 1881 461 1919 est
482 1882 699 1935 ingressus.
739 1883 914 1937 Argenti
940 1882 1088 1923 infecti
1109 1884 1202 1922 tulit
1223 1885 1270 1923 in
1292 1897 1407 1922 aera·

81 1935 193 1974 rium
231 1937 543 1988 quatuordecim
583 1942 714 1979 millia
747 1941 893 1995 pondo
934 1941 1199 1996 septingenta
1234 1942 1404 1994 triginta

80 1991 188 2032 duo:
232 2004 272 2032 et
306 1993 452 2048 [ignati
487 1999 720 2050 bigatorum
758 1999 1056 2053 septemdecim
1089 2000 1219 2038 millia
1257 1999 1407 2051 viginti

79 2050 181 2089 tria:
213 2060 254 2089 et
279 2051 467 2093 Oscensis
491 2057 654 2109 argenti
683 2067 855 2095 centum
876 2058 1025 2111 viginti
1047 2058 1176 2096 millia
1203 2058 1406 2111 quadrin-

78 2117 228 2169 gentos
258 2109 430 2163 triginta
458 2123 561 2152 octo.
633 2114 759 2152 Causa
790 2115 993 2168 triumphi
1023 2114 1209 2169 negandi
1242 2115 1404 2156 senatui

78 2164 177 2212 tuit,
219 2166 329 2218 quod
359 2168 500 2209 alieno
537 2170 717 2224 auspicio
746 2181 788 2211 et
823 2173 872 2211 in
908 2173 1046 2211 aliena
1082 2174 1302 2226 provincia
1332 2187 1404 2226 pu-

77 2221 250 2277 gnasset.
291 2224 485 2265 Ceterum
507 2228 682 2266 biennio
706 2228 795 2282 post
815 2228 1014 2279 redierat,
1044 2244 1152 2279 cum,
1185 2231 1406 2284 provincia

79 2277 296 2339 successori
327 2283 378 2332 Q
404 2285 593 2324 Minucio
616 2285 790 2336 tradita,
827 2301 992 2326 annum
1015 2286 1311 2340 insequentem
1340 2301 1403 2327 re-

77 2343 217 2377 tentus
246 2337 305 2377 ibi
332 2340 460 2396 longo
480 2353 524 2381 et
544 2344 659 2397 gravi
683 2348 833 2383 morbo
863 2343 1014 2384 suisset.
1042 2341 1047 2351 ²
1074 2348 1216 2398 ltaque
1244 2345 1406 2386 duobus

78 2391 204 2431 modo
227 2395 436 2439 mensibus
464 2410 563 2439 ante
587 2402 757 2441 Helvius
777 2415 908 2442 ovans
932 2404 1078 2441 urbem
1103 2396 1161 2442 est
1183 2403 1403 2457 ingressus,

79 2462 203 2502 quam
224 2450 426 2498 successor
447 2457 531 2512 ejus
554 2459 608 2508 Q.
627 2459 840 2500 Minucius
862 2461 1154 2513 triumpharet.
1205 2463 1285 2501 Hic
1308 2475 1404 2515 quo-

767 2518 851 2568 14.
1071 2553 1176 2562 ,;,
1326 2524 1407 2571 qu‘e
