1548 2703
132 102 1458 122 mmMm—*w

131 206 270 244 :nelias
290 204 442 238 dextra.
461 197 584 234 litora
607 209 737 249 usque
757 196 811 235 ad
833 199 1082 247 Tarentum,
1114 200 1158 237 C.
1182 200 1329 240 Furius
1351 201 1468 240 laeva
1505 205 1521 217 ‘

131 271 262 311 usque
284 255 336 294 ad
357 253 593 307 Aquilejam
616 263 817 292 tueretur.
876 255 964 297 Eae
993 269 1123 295 naves
1144 256 1197 295 ad
1226 258 1470 311 proximum

128 326 299 371 portum
321 314 371 352 in
391 311 533 351 Istriae
556 312 661 351 fines
680 325 775 349 cum
797 312 1004 352 onerariis
1018 323 1057 352 et
1070 327 1223 367 magno
1235 310 1469 355 commeatu
1519 324 1521 326 ’

130 372 301 413 missaez
331 370 574 422 secutusque
593 383 688 408 cum
709 369 946 422 legionibus
963 369 1311 425 consulquinque
1330 372 1468 412 ferme

129 431 265 472 millia
296 443 319 467 a
349 429 458 467 mari
484 426 620 481 posuit
651 426 793 465 castra.
854 429 908 466 In
939 439 1064 480 portu
1089 430 1324 482 emporium
1347 432 1465 471 brevi

128 487 412 543 perfrequens
435 483 589 524 factum
604 514 615 533 ‚
647 485 873 536 omniaque
900 486 1004 524 hinc
1027 487 1076 524 in
1104 485 1235 525 castra
1252 485 1464 542 supporta·
1502 505 1509 519 x

128 549 300 586 bantur.
361 554 426 592 et,
469 557 550 595 quo
570 541 614 580 id
639 542 764 581 tutius
788 541 929 591 fieret,
971 542 1168 583 stationes
1192 545 1244 582 ab
1265 545 1466 585 omnibus

129 603 359 644 castrorum
381 601 569 654 partibus
580 598 862 644 circumdatae
882 600 1001 638 sunt:
1024 601 1072 638 in
1090 601 1334 655 Isti-iamque
1345 601 1464 641 suum

127 659 384 717 praesidium
405 657 593 697 stativum
606 687 616 705 ,
648 657 879 710 repentina
897 657 1047 697 cohors
1071 659 1316 698 Placentina
1338 674 1464 714 oppo-

127 719 202 760 fita
221 720 338 758 inter
357 729 473 755 mare
495 725 535 754 et
558 713 710 754 eastra:
742 725 804 764 et,
835 726 879 753 ut
898 715 1012 754 idem
1035 717 1302 769 aquatoribus
1322 716 1375 755 ad
1393 717 1464 756 flu-

127 778 241 817 vium
268 774 369 814 esset
389 771 656 827 praesidium,
683 773 741 811 M.
764 770 967 812 Aebutius
988 774 1184 812 tribunus
1206 770 1386 813 militum
1409 773 1465 814 se-

127 833 294 874 cundae
319 830 498 885 legionis
525 828 629 868 duos
659 829 900 884 manipulos
923 830 1107 869 militum
1137 829 1319 883 adjicere
1338 830 1464 885 jussus

126 890 199 931 est.
258 890 307 929 T.
343 899 385 928 et
415 889 459 927 C.
491 885 604 926 Aelii
636 888 799 925 tribuni
827 888 1010 926 militum
1040 888 1252 942 legionem
1281 889 1463 938 tertiam,

125 962 232 1003 quae
251 947 516 1001 pabulatores
540 954 580 983 et
599 943 828 997 lignatores
851 955 1040 983 tueretur
1053 975 1063 994 ,
1094 947 1180 993 via,
1212 959 1318 998 quae
1333 945 1463 999 Aqui-

124 1006 250 1059 lejam
273 1003 381 1052 fert,
412 1001 636 1041 duxerant.
697 999 763 1039 Ab
796 1001 943 1040 eadem
975 1003 1149 1055 regione
1179 1003 1295 1042 mille
1325 1001 1464 1042 ferme

120 1061 318 1118 passuum
339 1059 469 1099 castra
478 1068 602 1098 erant
617 1058 865 1098 Gallorum:
894 1059 1110 1099 Carmelus
1128 1066 1206 1114 pro
1217 1061 1360 1114 regulo
1372 1071 1462 1101 erat

123 1122 257 1161 tribus
278 1117 394 1159 haud
417 1117 596 1172 amplius
617 1116 802 1156 millibus
822 1127 1094 1156 armatorum.

236 1234 290 1272 ΙΙ.
352 1231 473 1283 Isti-i,
505 1241 551 1269 ut
580 1232 765 1285 primum
788 1229 840 1269 ad
861 1232 998 1270 lacum
1024 1232 1191 1279 Timavi
1211 1231 1345 1271 castra
1363 1231 1463 1273 sunt

122 1292 322 1332 Romana
334 1302 463 1339 mota,
486 1288 562 1343 ipfi
582 1290 672 1343 post
693 1289 843 1327 collem
867 1291 1028 1328 occulto
1050 1292 1142 1329 loco
1154 1288 1462 1340 censederunt3

125 1360 166 1390 et
184 1348 289 1388 inde
308 1347 722 1402 obliquisitineribus
743 1360 896 1399 agmen
908 1347 1204 1400 sequebantur,
1225 1349 1273 1386 in
1285 1362 1463 1387 omnem

122 1406 382 1448 oecafionem
421 1406 604 1444 intenti:
661 1416 746 1442 nec
782 1404 1010 1457 quidquam
1051 1418 1143 1454 eos,
1203 1419 1317 1458 quae
1347 1416 1462 1446 terra

123 1466 315 1517 marique
339 1473 580 1518 agerentur,
612 1461 795 1500 fallebat.
855 1462 1068 1516 Postquam
1093 1456 1289 1502 stationes
1310 1463 1462 1502 invali-

125 1523 198 1563 das
219 1520 305 1560 esse
326 1536 405 1576 pro
427 1519 581 1568 castris,
613 1533 759 1558 eorum
781 1521 903 1557 turba
923 1521 1101 1559 inermis
1124 1519 1324 1573 frequens
1345 1521 1461 1560 inter

125 1580 257 1620 castra
283 1590 325 1618 et
345 1593 462 1619 mare
483 1577 765 1616 mercantium
779 1606 790 1625 ,
818 1576 906 1616 line
925 1578 1010 1615 ullo
1034 1576 1220 1616 terrestri
1246 1588 1315 1616 aut
1335 1579 1460 1619 mari-

122 1640 228 1678 timo
248 1639 534 1685 munimento,
556 1635 780 1681 viderunt3
810 1633 892 1673 duo
913 1633 1031 1673 fimul
1047 1634 1266 1684 m-aefidia,
1290 1636 1460 1674 Placen-

124 1697 241 1736 tinae
263 1688 461 1744 cohortis,
483 1705 523 1732 et
543 1693 861 1746 manipulorum
880 1682 1087 1732 seeundaie
1105 1694 1299 1745 legionis,
1321 1707 1459 1747 aggre-

126 1753 315 1794 diuntur.
373 1753 536 1793 Nebula
560 1751 766 1791 matutina
790 1759 948 1788 texerat
974 1752 1214 1804 inceptum:
1246 1764 1327 1804 qua
1358 1744 1458 1789 dilix-

124 1813 255 1852 bente
275 1810 329 1849 ad
362 1811 548 1865 primum
573 1820 765 1861 teporem
785 1805 899 1856 solis,
932 1809 1157 1861 perlucens
1177 1809 1260 1861 jam
1284 1807 1456 1861 aliquid,
1479 1812 1483 1815 “

126 1871 292 1910 incerta
313 1880 484 1916 tamen,
515 1878 560 1906 ut
589 1866 713 1914 solet,
756 1867 853 1914 lux,
889 1866 1070 1920 speciem
1101 1867 1293 1904 omnium
1320 1866 1459 1905 multi-

125 1928 281 1982 plicem
306 1926 495 1965 intuenti
519 1923 732 1972 reddens,
774 1933 860 1961 tum
892 1938 1055 1976 quoque
1077 1922 1272 1962 frustrata
1304 1924 1457 1962 Roma-

125 1998 233 2034 nos,
283 1985 416 2023 multo
442 1983 645 2036 majorem
673 1981 746 2029 iis,
799 1994 923 2033 quam
959 1992 1069 2030 erat,
1116 1980 1295 2022 hostium
1325 1982 1457 2020 aciem

127 2041 323 2082 ostendit.
359 2055 440 2094 qua
468 2040 601 2079 territi
632 2039 849 2092 utriusque
869 2038 1056 2077 [tationis
1087 2040 1268 2088 milites,
1291 2039 1457 2092 ingenti

125 2100 308 2140 tumultu
323 2112 421 2138 cum
441 2099 488 2137 in
508 2096 638 2136 castra
657 2095 954 2148 confugissent,
985 2096 1098 2135 haud
1121 2097 1244 2150 paulo
1264 2096 1324 2134 ibi
1349 2097 1455 2149 plus,

129 2157 385 2211 quamquod
405 2155 542 2195 secum
557 2153 630 2208 ipfi
645 2154 884 2203 attulerant,
906 2155 1077 2193 terroris
1097 2152 1304 2192 fecerunt.
1343 2153 1457 2192 Nam

126 2229 268 2268 neque
292 2214 454 2263 dicere,
492 2211 595 2266 quid
621 2209 841 2263 fugissent,
879 2225 961 2250 nec
991 2212 1335 2265 percontantibus
1362 2210 1456 2250 red-

128 2271 230 2312 dere
262 2271 507 2326 responl'um
538 2277 755 2324 poterant:
795 2278 835 2307 et
867 2270 1026 2308 clamor
1057 2270 1105 2307 in
1135 2269 1264 2322 portis
1293 2270 1357 2318 (ut
1385 2269 1456 2308 ubi

126 2331 245 2370 nulla
264 2329 364 2367 esset
383 2328 526 2377 statio,
557 2341 662 2380 quae
683 2324 906 2365 sustineret
933 2327 1157 2378 impetum)
1188 2325 1454 2366 audiebatur:

126 2398 168 2427 et
191 2386 451 2426 concursatio
485 2387 534 2427 in
564 2383 737 2423 obscuro
762 2383 1046 2423 incidentium
1076 2381 1253 2422 aliorum
1278 2385 1326 2422 in
1354 2379 1470 2422 azios‘

125 2445 337 2486 incertum
358 2444 531 2495 fecerat,
555 2455 614 2482 an
631 2440 756 2486 hostis
775 2442 889 2480 intra
908 2442 1062 2482 vallum
1081 2440 1193 2482 esset.
1254 2442 1355 2480 Una
1375 2455 1456 2480 vox

1314 2497 1455 2538 audie-
