<?xml version="1.0" encoding="UTF-8"?>
<!DOCTYPE html PUBLIC "-//W3C//DTD XHTML 1.0 Transitional//EN"
    "http://www.w3.org/TR/xhtml1/DTD/xhtml1-transitional.dtd">
<html xmlns="http://www.w3.org/1999/xhtml" xml:lang="en" lang="en">
 <head>
  <title>
</title>
<meta http-equiv="Content-Type" content="text/html;charset=utf-8" />
  <meta name='ocr-system' content='tesseract 3.04.00' />
  <meta name='ocr-capabilities' content='ocr_page ocr_carea ocr_par ocr_line ocrx_word'/>
</head>
<body>
  <div class='ocr_page' id='page_1' title='image "./historiarumlib03livyuoft_0079.png"; bbox 0 0 1548 2703; ppageno 0'>
   <div class='ocr_carea' id='block_1_1' title="bbox 220 83 1385 206">
    <p class='ocr_par' dir='ltr' id='par_1_1' title="bbox 220 83 1385 206">
     <span class='ocr_line' id='line_1_1' title="bbox 220 83 1385 131; baseline -0.008 -2"><span class='ocrx_word' id='word_1_1' title='bbox 220 91 252 129; x_wconf 87' lang='lat' dir='ltr'>L</span> <span class='ocrx_word' id='word_1_2' title='bbox 273 90 293 130; x_wconf 89' lang='lat'>1</span> <span class='ocrx_word' id='word_1_3' title='bbox 314 90 347 128; x_wconf 87' lang='lat' dir='ltr'>B</span> <span class='ocrx_word' id='word_1_4' title='bbox 369 88 406 128; x_wconf 91' lang='lat' dir='ltr'><strong>E</strong></span> <span class='ocrx_word' id='word_1_5' title='bbox 426 89 466 128; x_wconf 90' lang='lat' dir='ltr'>R</span> <span class='ocrx_word' id='word_1_6' title='bbox 505 85 670 128; x_wconf 85' lang='lat' dir='ltr'><strong>XXXII.</strong></span> <span class='ocrx_word' id='word_1_7' title='bbox 728 87 839 126; x_wconf 78' lang='lat' dir='ltr'><strong>CAP.</strong></span> <span class='ocrx_word' id='word_1_8' title='bbox 861 85 1028 125; x_wconf 88' lang='lat' dir='ltr'>XXVII.</span> <span class='ocrx_word' id='word_1_9' title='bbox 1050 83 1240 124; x_wconf 85' lang='lat' dir='ltr'>XXVIII.</span> <span class='ocrx_word' id='word_1_10' title='bbox 1329 85 1385 131; x_wconf 84' lang='lat'><strong>73</strong></span> 
     </span>
     <span class='ocr_line' id='line_1_2' title="bbox 344 156 1098 206; baseline -0.007 -9"><span class='ocrx_word' id='word_1_11' title='bbox 344 160 397 197; x_wconf 90' lang='lat' dir='ltr'><strong>U.</strong></span> <span class='ocrx_word' id='word_1_12' title='bbox 422 159 466 197; x_wconf 93' lang='lat' dir='ltr'><strong>C.</strong></span> <span class='ocrx_word' id='word_1_13' title='bbox 496 161 591 203; x_wconf 83' lang='lat'><strong>555.</strong></span> <span class='ocrx_word' id='word_1_14' title='bbox 800 169 836 193; x_wconf 88' lang='lat' dir='ltr'><strong>a.</strong></span> <span class='ocrx_word' id='word_1_15' title='bbox 858 156 907 194; x_wconf 34' lang='grc' dir='ltr'><strong>(ἶ.μ</strong></span> <span class='ocrx_word' id='word_1_16' title='bbox 925 156 979 193; x_wconf 89' lang='lat' dir='ltr'><strong>N.</strong></span> <span class='ocrx_word' id='word_1_17' title='bbox 1008 167 1098 206; x_wconf 86' lang='lat'><strong>¹97·</strong></span> 
     </span>
    </p>
   </div>
   <div class='ocr_carea' id='block_1_2' title="bbox 58 211 1394 980">
    <p class='ocr_par' dir='ltr' id='par_1_2' title="bbox 58 211 1394 980">
     <span class='ocr_line' id='line_1_3' title="bbox 64 211 585 224; baseline -0.004 -4"><span class='ocrx_word' id='word_1_18' title='bbox 64 211 585 224; x_wconf 67' lang='lat'><em>------—--</em></span> 
     </span>
     <span class='ocr_line' id='line_1_4' title="bbox 58 233 1386 292; baseline -0.005 -15"><span class='ocrx_word' id='word_1_19' title='bbox 58 239 286 292; x_wconf 75' lang='lat' dir='ltr'><strong>Fugatique</strong></span> <span class='ocrx_word' id='word_1_20' title='bbox 316 252 368 276; x_wconf 85' lang='lat' dir='ltr'><strong>ex</strong></span> <span class='ocrx_word' id='word_1_21' title='bbox 394 235 528 276; x_wconf 83' lang='lat' dir='ltr'><strong>insula</strong></span> <span class='ocrx_word' id='word_1_22' title='bbox 560 235 868 284; x_wconf 85' lang='lat' dir='ltr'><strong>foeneratores,</strong></span> <span class='ocrx_word' id='word_1_23' title='bbox 909 245 951 274; x_wconf 86' lang='lat' dir='ltr'><strong>et</strong></span> <span class='ocrx_word' id='word_1_24' title='bbox 979 234 1157 283; x_wconf 79' lang='lat' dir='ltr'><strong>sumtus,</strong></span> <span class='ocrx_word' id='word_1_25' title='bbox 1204 247 1304 286; x_wconf 92' lang='lat' dir='ltr'><strong>quos</strong></span> <span class='ocrx_word' id='word_1_26' title='bbox 1337 233 1386 271; x_wconf 88' lang='lat' dir='ltr'><strong>in</strong></span> 
     </span>
     <span class='ocr_line' id='line_1_5' title="bbox 62 289 1385 349; baseline -0.005 -15"><span class='ocrx_word' id='word_1_27' title='bbox 62 295 220 334; x_wconf 77' lang='lat' dir='ltr'><strong>cultum</strong></span> <span class='ocrx_word' id='word_1_28' title='bbox 251 305 490 349; x_wconf 84' lang='lat' dir='ltr'><strong>praetorum</strong></span> <span class='ocrx_word' id='word_1_29' title='bbox 517 292 615 332; x_wconf 87' lang='lat' dir='ltr'><strong>socii</strong></span> <span class='ocrx_word' id='word_1_30' title='bbox 647 292 785 333; x_wconf 85' lang='lat' dir='ltr'><strong>facere</strong></span> <span class='ocrx_word' id='word_1_31' title='bbox 814 293 920 332; x_wconf 89' lang='lat' dir='ltr'><strong>soliti</strong></span> <span class='ocrx_word' id='word_1_32' title='bbox 946 301 1089 339; x_wconf 80' lang='lat' dir='ltr'><strong>erant,</strong></span> <span class='ocrx_word' id='word_1_33' title='bbox 1140 289 1385 337; x_wconf 71' lang='lat' dir='ltr'><strong>circumcisi,</strong></span> 
     </span>
     <span class='ocr_line' id='line_1_6' title="bbox 61 349 1386 392; baseline -0.004 -1"><span class='ocrx_word' id='word_1_34' title='bbox 61 362 132 392; x_wconf 80' lang='lat' dir='ltr'><strong>aut</strong></span> <span class='ocrx_word' id='word_1_35' title='bbox 161 350 319 391; x_wconf 80' lang='lat' dir='ltr'>sublati.</span> <span class='ocrx_word' id='word_1_36' title='bbox 391 352 483 391; x_wconf 87' lang='lat' dir='ltr'>Sex.</span> <span class='ocrx_word' id='word_1_37' title='bbox 515 349 659 389; x_wconf 85' lang='lat' dir='ltr'><strong>Aelius</strong></span> <span class='ocrx_word' id='word_1_38' title='bbox 686 350 830 390; x_wconf 83' lang='lat' dir='ltr'><strong>consul</strong></span> <span class='ocrx_word' id='word_1_39' title='bbox 871 364 939 389; x_wconf 49' lang='lat' dir='ltr'><strong>ex!</strong></span> <span class='ocrx_word' id='word_1_40' title='bbox 953 349 1091 388; x_wconf 84' lang='lat' dir='ltr'><strong>Gallia</strong></span> <span class='ocrx_word' id='word_1_41' title='bbox 1120 349 1386 387; x_wconf 85' lang='lat' dir='ltr'><strong>comitiorum</strong></span> 
     </span>
     <span class='ocr_line' id='line_1_7' title="bbox 62 406 1388 456; baseline -0.003 -8"><span class='ocrx_word' id='word_1_42' title='bbox 62 408 182 448; x_wconf 85' lang='lat' dir='ltr'><strong>causa</strong></span> <span class='ocrx_word' id='word_1_43' title='bbox 200 411 379 448; x_wconf 81' lang='lat' dir='ltr'>Romam</span> <span class='ocrx_word' id='word_1_44' title='bbox 402 423 496 446; x_wconf 89' lang='lat' dir='ltr'><strong>cum</strong></span> <span class='ocrx_word' id='word_1_45' title='bbox 521 407 716 456; x_wconf 78' lang='lat' dir='ltr'><strong>redisset,</strong></span> <span class='ocrx_word' id='word_1_46' title='bbox 753 408 910 447; x_wconf 81' lang='lat' dir='ltr'><strong>creavit</strong></span> <span class='ocrx_word' id='word_1_47' title='bbox 938 406 1136 446; x_wconf 86' lang='lat' dir='ltr'><strong>Consules</strong></span> <span class='ocrx_word' id='word_1_48' title='bbox 1164 408 1207 445; x_wconf 91' lang='lat' dir='ltr'><strong>C.</strong></span> <span class='ocrx_word' id='word_1_49' title='bbox 1230 407 1388 445; x_wconf 90' lang='lat' dir='ltr'><strong>Corne-</strong></span> 
     </span>
     <span class='ocr_line' id='line_1_8' title="bbox 63 462 1388 519; baseline -0.003 -14"><span class='ocrx_word' id='word_1_50' title='bbox 63 467 168 506; x_wconf 83' lang='lat' dir='ltr'><strong>lium</strong></span> <span class='ocrx_word' id='word_1_51' title='bbox 201 467 429 519; x_wconf 81' lang='lat' dir='ltr'>Cethegum</span> <span class='ocrx_word' id='word_1_52' title='bbox 460 476 501 504; x_wconf 88' lang='lat' dir='ltr'><strong>et</strong></span> <span class='ocrx_word' id='word_1_53' title='bbox 536 468 586 515; x_wconf 86' lang='lat' dir='ltr'><strong>Q.</strong></span> <span class='ocrx_word' id='word_1_54' title='bbox 620 466 854 504; x_wconf 80' lang='lat' dir='ltr'><strong>Minucium</strong></span> <span class='ocrx_word' id='word_1_55' title='bbox 891 463 1063 503; x_wconf 82' lang='lat' dir='ltr'><strong>Rufum.</strong></span> <span class='ocrx_word' id='word_1_56' title='bbox 1132 463 1268 502; x_wconf 87' lang='lat' dir='ltr'>Biduo</span> <span class='ocrx_word' id='word_1_57' title='bbox 1299 462 1388 516; x_wconf 84' lang='lat' dir='ltr'><strong>post</strong></span> 
     </span>
     <span class='ocr_line' id='line_1_9' title="bbox 64 521 1389 578; baseline -0.003 -16"><span class='ocrx_word' id='word_1_58' title='bbox 64 535 302 578; x_wconf 82' lang='lat' dir='ltr'><strong>praetorum</strong></span> <span class='ocrx_word' id='word_1_59' title='bbox 323 523 491 562; x_wconf 85' lang='lat' dir='ltr'><strong>comitia</strong></span> <span class='ocrx_word' id='word_1_60' title='bbox 509 523 660 562; x_wconf 77' lang='lat' dir='ltr'><strong>hahita.</strong></span> <span class='ocrx_word' id='word_1_61' title='bbox 721 524 801 564; x_wconf 85' lang='lat' dir='ltr'><strong>Sex</strong></span> <span class='ocrx_word' id='word_1_62' title='bbox 821 533 1034 576; x_wconf 87' lang='lat' dir='ltr'><strong>praetores</strong></span> <span class='ocrx_word' id='word_1_63' title='bbox 1065 521 1137 560; x_wconf 90' lang='lat' dir='ltr'><strong>illo</strong></span> <span class='ocrx_word' id='word_1_64' title='bbox 1169 535 1287 559; x_wconf 87' lang='lat' dir='ltr'><strong>anno</strong></span> <span class='ocrx_word' id='word_1_65' title='bbox 1305 521 1389 574; x_wconf 87' lang='lat' dir='ltr'><strong>pri·</strong></span> 
     </span>
     <span class='ocr_line' id='line_1_10' title="bbox 67 579 1388 636; baseline -0.004 -16"><span class='ocrx_word' id='word_1_66' title='bbox 67 595 182 634; x_wconf 79' lang='lat' dir='ltr'><strong>mum</strong></span> <span class='ocrx_word' id='word_1_67' title='bbox 205 582 354 636; x_wconf 82' lang='lat' dir='ltr'><strong>creati,</strong></span> <span class='ocrx_word' id='word_1_68' title='bbox 396 579 678 620; x_wconf 80' lang='lat' dir='ltr'><strong>crescentibus</strong></span> <span class='ocrx_word' id='word_1_69' title='bbox 696 581 781 635; x_wconf 81' lang='lat' dir='ltr'><strong>jam</strong></span> <span class='ocrx_word' id='word_1_70' title='bbox 812 580 1066 635; x_wconf 86' lang='lat' dir='ltr'><strong>provinciis,</strong></span> <span class='ocrx_word' id='word_1_71' title='bbox 1107 589 1146 617; x_wconf 90' lang='lat' dir='ltr'><strong>et</strong></span> <span class='ocrx_word' id='word_1_72' title='bbox 1174 579 1293 617; x_wconf 72' lang='lat' dir='ltr'><strong>latius</strong></span> <span class='ocrx_word' id='word_1_73' title='bbox 1319 592 1388 631; x_wconf 84' lang='lat' dir='ltr'><strong>pa-</strong></span> 
     </span>
     <span class='ocr_line' id='line_1_11' title="bbox 64 634 1390 691; baseline -0.002 -14"><span class='ocrx_word' id='word_1_74' title='bbox 64 635 248 678; x_wconf 84' lang='lat' dir='ltr'><strong>tescente</strong></span> <span class='ocrx_word' id='word_1_75' title='bbox 272 639 463 691; x_wconf 75' lang='lat' dir='ltr'><strong>imperio,</strong></span> <span class='ocrx_word' id='word_1_76' title='bbox 533 639 661 677; x_wconf 85' lang='lat' dir='ltr'><strong>creati</strong></span> <span class='ocrx_word' id='word_1_77' title='bbox 692 649 828 677; x_wconf 86' lang='lat' dir='ltr'><strong>autem</strong></span> <span class='ocrx_word' id='word_1_78' title='bbox 854 638 920 686; x_wconf 89' lang='lat' dir='ltr'><strong>hi,</strong></span> <span class='ocrx_word' id='word_1_79' title='bbox 961 638 1004 676; x_wconf 88' lang='lat' dir='ltr'><strong>L.</strong></span> <span class='ocrx_word' id='word_1_80' title='bbox 1035 636 1219 675; x_wconf 81' lang='lat' dir='ltr'><strong>Manlius</strong></span> <span class='ocrx_word' id='word_1_81' title='bbox 1250 634 1390 685; x_wconf 84' lang='lat' dir='ltr'><strong>Vulso,</strong></span> 
     </span>
     <span class='ocr_line' id='line_1_12' title="bbox 68 693 1391 749; baseline -0.004 -14"><span class='ocrx_word' id='word_1_82' title='bbox 68 696 114 735; x_wconf 91' lang='lat' dir='ltr'><strong>C.</strong></span> <span class='ocrx_word' id='word_1_83' title='bbox 135 693 407 749; x_wconf 75' lang='lat' dir='ltr'><strong>Sempronius</strong></span> <span class='ocrx_word' id='word_1_84' title='bbox 429 694 678 744; x_wconf 80' lang='lat' dir='ltr'><strong>Tuditanus,</strong></span> <span class='ocrx_word' id='word_1_85' title='bbox 715 697 770 734; x_wconf 86' lang='lat' dir='ltr'><strong>M.</strong></span> <span class='ocrx_word' id='word_1_86' title='bbox 794 695 955 747; x_wconf 81' lang='lat' dir='ltr'><strong>Sergius</strong></span> <span class='ocrx_word' id='word_1_87' title='bbox 979 694 1096 742; x_wconf 86' lang='lat' dir='ltr'><strong>Silus,</strong></span> <span class='ocrx_word' id='word_1_88' title='bbox 1126 694 1180 733; x_wconf 83' lang='lat' dir='ltr'><strong>M.</strong></span> <span class='ocrx_word' id='word_1_89' title='bbox 1206 693 1391 741; x_wconf 82' lang='lat' dir='ltr'><strong>Helvius,</strong></span> 
     </span>
     <span class='ocr_line' id='line_1_13' title="bbox 67 751 1392 805; baseline -0.004 -12"><span class='ocrx_word' id='word_1_90' title='bbox 67 754 126 794; x_wconf 83' lang='lat' dir='ltr'><strong>M.</strong></span> <span class='ocrx_word' id='word_1_91' title='bbox 149 754 356 792; x_wconf 83' lang='lat' dir='ltr'><strong>Minucius</strong></span> <span class='ocrx_word' id='word_1_92' title='bbox 379 751 537 800; x_wconf 75' lang='lat' dir='ltr'><strong>Rufus,</strong></span> <span class='ocrx_word' id='word_1_93' title='bbox 579 754 619 791; x_wconf 89' lang='lat' dir='ltr'><strong>L.</strong></span> <span class='ocrx_word' id='word_1_94' title='bbox 645 752 801 792; x_wconf 77' lang='lat' dir='ltr'><strong>Atilius.</strong></span> <span class='ocrx_word' id='word_1_95' title='bbox 860 752 1130 805; x_wconf 82' lang='lat' dir='ltr'><strong>Sempronius</strong></span> <span class='ocrx_word' id='word_1_96' title='bbox 1154 762 1195 790; x_wconf 90' lang='lat' dir='ltr'><strong>et</strong></span> <span class='ocrx_word' id='word_1_97' title='bbox 1220 751 1392 789; x_wconf 82' lang='lat' dir='ltr'><strong>Helvius</strong></span> 
     </span>
     <span class='ocr_line' id='line_1_14' title="bbox 67 808 1392 864; baseline -0.002 -14"><span class='ocrx_word' id='word_1_98' title='bbox 67 811 188 850; x_wconf 79' lang='lat' dir='ltr'><strong>exiis</strong></span> <span class='ocrx_word' id='word_1_99' title='bbox 208 810 361 850; x_wconf 85' lang='lat' dir='ltr'><strong>aediles</strong></span> <span class='ocrx_word' id='word_1_100' title='bbox 382 812 515 864; x_wconf 79' lang='lat' dir='ltr'><strong>plebis</strong></span> <span class='ocrx_word' id='word_1_101' title='bbox 537 821 672 848; x_wconf 78' lang='lat' dir='ltr'><strong>erant.</strong></span> <span class='ocrx_word' id='word_1_102' title='bbox 731 811 896 849; x_wconf 89' lang='lat' dir='ltr'><strong>curules</strong></span> <span class='ocrx_word' id='word_1_103' title='bbox 925 808 1080 849; x_wconf 86' lang='lat' dir='ltr'><strong>aediles</strong></span> <span class='ocrx_word' id='word_1_104' title='bbox 1109 811 1158 859; x_wconf 89' lang='lat' dir='ltr'><strong>Q.</strong></span> <span class='ocrx_word' id='word_1_105' title='bbox 1180 809 1392 847; x_wconf 83' lang='lat' dir='ltr'><strong>Minucius</strong></span> 
     </span>
     <span class='ocr_line' id='line_1_15' title="bbox 65 865 1394 922; baseline -0.002 -16"><span class='ocrx_word' id='word_1_106' title='bbox 65 867 275 907; x_wconf 89' lang='lat' dir='ltr'><strong>Thermus</strong></span> <span class='ocrx_word' id='word_1_107' title='bbox 296 879 335 906; x_wconf 89' lang='lat' dir='ltr'><strong>et</strong></span> <span class='ocrx_word' id='word_1_108' title='bbox 367 870 430 908; x_wconf 89' lang='lat' dir='ltr'><strong>Ti.</strong></span> <span class='ocrx_word' id='word_1_109' title='bbox 451 868 723 921; x_wconf 81' lang='lat' dir='ltr'><strong>Sempronius</strong></span> <span class='ocrx_word' id='word_1_110' title='bbox 752 869 928 922; x_wconf 86' lang='lat' dir='ltr'><strong>Longus.</strong></span> <span class='ocrx_word' id='word_1_111' title='bbox 987 865 1095 907; x_wconf 87' lang='lat' dir='ltr'><strong>Ludi</strong></span> <span class='ocrx_word' id='word_1_112' title='bbox 1126 866 1311 905; x_wconf 75' lang='lat' dir='ltr'><strong>Romani</strong></span> <span class='ocrx_word' id='word_1_113' title='bbox 1343 876 1394 904; x_wconf 85' lang='lat' dir='ltr'><strong>eo</strong></span> 
     </span>
     <span class='ocr_line' id='line_1_16' title="bbox 65 925 594 980; baseline 0 -16"><span class='ocrx_word' id='word_1_114' title='bbox 65 938 183 964; x_wconf 83' lang='lat' dir='ltr'><strong>anno</strong></span> <span class='ocrx_word' id='word_1_115' title='bbox 202 936 346 980; x_wconf 86' lang='lat' dir='ltr'><strong>quater</strong></span> <span class='ocrx_word' id='word_1_116' title='bbox 363 925 594 965; x_wconf 85' lang='lat' dir='ltr'><strong>instaurati.</strong></span> 
     </span>
    </p>
   </div>
   <div class='ocr_carea' id='block_1_3' title="bbox 69 1035 1413 2578">
    <p class='ocr_par' dir='ltr' id='par_1_3' title="bbox 69 1035 1413 2526">
     <span class='ocr_line' id='line_1_17' title="bbox 177 1035 1401 1089; baseline -0.001 -12"><span class='ocrx_word' id='word_1_117' title='bbox 177 1040 366 1080; x_wconf 82' lang='lat' dir='ltr'><strong>XXVIII.</strong></span> <span class='ocrx_word' id='word_1_118' title='bbox 427 1042 470 1080; x_wconf 87' lang='lat' dir='ltr'><strong>C.</strong></span> <span class='ocrx_word' id='word_1_119' title='bbox 504 1039 703 1079; x_wconf 89' lang='lat' dir='ltr'><strong>Cornelio</strong></span> <span class='ocrx_word' id='word_1_120' title='bbox 746 1048 787 1077; x_wconf 87' lang='lat' dir='ltr'><strong>et</strong></span> <span class='ocrx_word' id='word_1_121' title='bbox 827 1040 880 1089; x_wconf 89' lang='lat' dir='ltr'><strong>Q.</strong></span> <span class='ocrx_word' id='word_1_122' title='bbox 910 1038 1099 1077; x_wconf 82' lang='lat' dir='ltr'><strong>Minucio</strong></span> <span class='ocrx_word' id='word_1_123' title='bbox 1141 1035 1401 1085; x_wconf 70' lang='lat' dir='ltr'><strong>consulibus‚&#39;</strong></span> 
     </span>
     <span class='ocr_line' id='line_1_18' title="bbox 69 1094 1394 1151; baseline -0.002 -15"><span class='ocrx_word' id='word_1_124' title='bbox 69 1097 261 1136; x_wconf 84' lang='lat' dir='ltr'><strong>omnium</strong></span> <span class='ocrx_word' id='word_1_125' title='bbox 280 1098 466 1151; x_wconf 87' lang='lat' dir='ltr'><strong>primum</strong></span> <span class='ocrx_word' id='word_1_126' title='bbox 489 1097 541 1136; x_wconf 90' lang='lat' dir='ltr'><strong>de</strong></span> <span class='ocrx_word' id='word_1_127' title='bbox 564 1097 796 1150; x_wconf 86' lang='lat' dir='ltr'><strong>provinciis</strong></span> <span class='ocrx_word' id='word_1_128' title='bbox 820 1094 1037 1134; x_wconf 81' lang='lat' dir='ltr'><strong>consulum</strong></span> <span class='ocrx_word' id='word_1_129' title='bbox 1066 1106 1394 1149; x_wconf 86' lang='lat' dir='ltr'><strong>praetorumque</strong></span> 
     </span>
     <span class='ocr_line' id='line_1_19' title="bbox 69 1153 1391 1209; baseline -0.002 -17"><span class='ocrx_word' id='word_1_130' title='bbox 69 1164 221 1193; x_wconf 84' lang='lat' dir='ltr'><strong>actum.</strong></span> <span class='ocrx_word' id='word_1_131' title='bbox 281 1156 395 1195; x_wconf 81' lang='lat' dir='ltr'><strong>Prius</strong></span> <span class='ocrx_word' id='word_1_132' title='bbox 418 1155 470 1194; x_wconf 91' lang='lat' dir='ltr'><strong>de</strong></span> <span class='ocrx_word' id='word_1_133' title='bbox 488 1155 749 1209; x_wconf 83' lang='lat' dir='ltr'><strong>praetoribus</strong></span> <span class='ocrx_word' id='word_1_134' title='bbox 771 1164 980 1192; x_wconf 83' lang='lat' dir='ltr'><strong>transacta</strong></span> <span class='ocrx_word' id='word_1_135' title='bbox 991 1166 1074 1202; x_wconf 84' lang='lat' dir='ltr'><strong>res,</strong></span> <span class='ocrx_word' id='word_1_136' title='bbox 1094 1166 1199 1206; x_wconf 86' lang='lat' dir='ltr'><strong>quae</strong></span> <span class='ocrx_word' id='word_1_137' title='bbox 1221 1153 1391 1206; x_wconf 84' lang='lat' dir='ltr'><strong>transigi</strong></span> 
     </span>
     <span class='ocr_line' id='line_1_20' title="bbox 70 1208 1398 1265; baseline 0 -16"><span class='ocrx_word' id='word_1_138' title='bbox 70 1209 176 1251; x_wconf 81' lang='lat' dir='ltr'><strong>sorte</strong></span> <span class='ocrx_word' id='word_1_139' title='bbox 196 1222 369 1265; x_wconf 86' lang='lat' dir='ltr'><strong>poterat.</strong></span> <span class='ocrx_word' id='word_1_140' title='bbox 420 1214 581 1251; x_wconf 84' lang='lat' dir='ltr'><strong>urbana</strong></span> <span class='ocrx_word' id='word_1_141' title='bbox 608 1212 770 1264; x_wconf 76' lang='lat' dir='ltr'><strong>Sergio,</strong></span> <span class='ocrx_word' id='word_1_142' title='bbox 814 1211 1037 1263; x_wconf 84' lang='lat' dir='ltr'><strong>peregrina</strong></span> <span class='ocrx_word' id='word_1_143' title='bbox 1069 1208 1297 1263; x_wconf 86' lang='lat' dir='ltr'><strong>jurisdictio</strong></span> <span class='ocrx_word' id='word_1_144' title='bbox 1322 1211 1398 1249; x_wconf 49' lang='lat' dir='ltr'><strong>Mis</strong></span> 
     </span>
     <span class='ocr_line' id='line_1_21' title="bbox 69 1267 1396 1322; baseline -0.001 -15"><span class='ocrx_word' id='word_1_145' title='bbox 69 1270 197 1308; x_wconf 85' lang='lat' dir='ltr'><strong>nucio</strong></span> <span class='ocrx_word' id='word_1_146' title='bbox 237 1269 393 1322; x_wconf 86' lang='lat' dir='ltr'><strong>obtigit.</strong></span> <span class='ocrx_word' id='word_1_147' title='bbox 465 1268 705 1309; x_wconf 85' lang='lat' dir='ltr'><strong>Sardiniam</strong></span> <span class='ocrx_word' id='word_1_148' title='bbox 752 1267 929 1315; x_wconf 88' lang='lat' dir='ltr'><strong>Atilius,</strong></span> <span class='ocrx_word' id='word_1_149' title='bbox 974 1268 1153 1307; x_wconf 81' lang='lat' dir='ltr'><strong>Siciliam</strong></span> <span class='ocrx_word' id='word_1_150' title='bbox 1197 1269 1396 1316; x_wconf 83' lang='lat' dir='ltr'><strong>Manlius,</strong></span> 
     </span>
     <span class='ocr_line' id='line_1_22' title="bbox 71 1325 1399 1380; baseline -0.002 -15"><span class='ocrx_word' id='word_1_151' title='bbox 71 1326 320 1380; x_wconf 74' lang='lat' dir='ltr'><strong>Hispaniam</strong></span> <span class='ocrx_word' id='word_1_152' title='bbox 348 1326 619 1380; x_wconf 84' lang='lat' dir='ltr'><strong>Sempronius</strong></span> <span class='ocrx_word' id='word_1_153' title='bbox 651 1326 911 1373; x_wconf 83' lang='lat' dir='ltr'><strong>citeriorem,</strong></span> <span class='ocrx_word' id='word_1_154' title='bbox 954 1326 1124 1364; x_wconf 82' lang='lat' dir='ltr'><strong>Helvius</strong></span> <span class='ocrx_word' id='word_1_155' title='bbox 1156 1325 1399 1364; x_wconf 89' lang='lat' dir='ltr'><strong>ulteriorem</strong></span> 
     </span>
     <span class='ocr_line' id='line_1_23' title="bbox 71 1382 1399 1436; baseline 0 -15"><span class='ocrx_word' id='word_1_156' title='bbox 71 1382 130 1422; x_wconf 84' lang='lat' dir='ltr'><strong>est</strong></span> <span class='ocrx_word' id='word_1_157' title='bbox 160 1382 336 1422; x_wconf 81' lang='lat' dir='ltr'><strong>sortitus.</strong></span> <span class='ocrx_word' id='word_1_158' title='bbox 396 1383 642 1423; x_wconf 83' lang='lat' dir='ltr'><strong>Consulibus</strong></span> <span class='ocrx_word' id='word_1_159' title='bbox 672 1383 831 1420; x_wconf 82' lang='lat' dir='ltr'><strong>Italiam</strong></span> <span class='ocrx_word' id='word_1_160' title='bbox 866 1383 1239 1436; x_wconf 79' lang='lat' dir='ltr'><strong>Macedoniamque</strong></span> <span class='ocrx_word' id='word_1_161' title='bbox 1262 1382 1399 1422; x_wconf 87' lang='lat' dir='ltr'><strong>sortiri</strong></span> 
     </span>
     <span class='ocr_line' id='line_1_24' title="bbox 70 1440 1399 1495; baseline -0.001 -16"><span class='ocrx_word' id='word_1_162' title='bbox 70 1442 343 1494; x_wconf 80' lang='lat' dir='ltr'><strong>parantibus,</strong></span> <span class='ocrx_word' id='word_1_163' title='bbox 378 1442 424 1482; x_wconf 89' lang='lat' dir='ltr'><strong>L.</strong></span> <span class='ocrx_word' id='word_1_164' title='bbox 457 1441 616 1495; x_wconf 83' lang='lat' dir='ltr'><strong>Oppius</strong></span> <span class='ocrx_word' id='word_1_165' title='bbox 649 1451 688 1478; x_wconf 88' lang='lat' dir='ltr'><strong>et</strong></span> <span class='ocrx_word' id='word_1_166' title='bbox 716 1441 766 1491; x_wconf 88' lang='lat' dir='ltr'><strong>Q.</strong></span> <span class='ocrx_word' id='word_1_167' title='bbox 786 1440 951 1479; x_wconf 84' lang='lat' dir='ltr'><strong>Fulvius</strong></span> <span class='ocrx_word' id='word_1_168' title='bbox 981 1441 1141 1479; x_wconf 80' lang='lat' dir='ltr'><strong>tribuni</strong></span> <span class='ocrx_word' id='word_1_169' title='bbox 1169 1441 1302 1493; x_wconf 85' lang='lat' dir='ltr'><strong>plebis</strong></span> <span class='ocrx_word' id='word_1_170' title='bbox 1323 1441 1399 1478; x_wconf 92' lang='lat' dir='ltr'><strong>im·</strong></span> 
     </span>
     <span class='ocr_line' id='line_1_25' title="bbox 70 1496 1399 1554; baseline -0.002 -16"><span class='ocrx_word' id='word_1_171' title='bbox 70 1497 318 1554; x_wconf 76' lang='lat' dir='ltr'><strong>pedimento</strong></span> <span class='ocrx_word' id='word_1_172' title='bbox 347 1509 496 1547; x_wconf 87' lang='lat' dir='ltr'><strong>erant,</strong></span> <span class='ocrx_word' id='word_1_173' title='bbox 546 1496 652 1550; x_wconf 76' lang='lat' dir='ltr'><strong>quod</strong></span> <span class='ocrx_word' id='word_1_174' title='bbox 681 1496 892 1552; x_wconf 78' lang='lat' dir='ltr'><strong>longinqua</strong></span> <span class='ocrx_word' id='word_1_175' title='bbox 931 1500 1136 1549; x_wconf 82' lang='lat' dir='ltr'><strong>provincia</strong></span> <span class='ocrx_word' id='word_1_176' title='bbox 1170 1497 1399 1536; x_wconf 71' lang='lat' dir='ltr'><strong>Macedonia</strong></span> 
     </span>
     <span class='ocr_line' id='line_1_26' title="bbox 73 1553 1401 1609; baseline 0.002 -17"><span class='ocrx_word' id='word_1_177' title='bbox 73 1553 184 1607; x_wconf 83' lang='lat' dir='ltr'><strong>effet:</strong></span> <span class='ocrx_word' id='word_1_178' title='bbox 240 1569 359 1609; x_wconf 83' lang='lat' dir='ltr'><strong>neque</strong></span> <span class='ocrx_word' id='word_1_179' title='bbox 397 1555 473 1595; x_wconf 87' lang='lat' dir='ltr'><strong>ulla</strong></span> <span class='ocrx_word' id='word_1_180' title='bbox 501 1554 576 1594; x_wconf 83' lang='lat' dir='ltr'><strong>alia</strong></span> <span class='ocrx_word' id='word_1_181' title='bbox 614 1568 678 1594; x_wconf 85' lang='lat' dir='ltr'><strong>res</strong></span> <span class='ocrx_word' id='word_1_182' title='bbox 717 1557 838 1603; x_wconf 83' lang='lat' dir='ltr'><strong>majus</strong></span> <span class='ocrx_word' id='word_1_183' title='bbox 875 1554 966 1592; x_wconf 76' lang='lat' dir='ltr'><strong>bello</strong></span> <span class='ocrx_word' id='word_1_184' title='bbox 1004 1554 1314 1607; x_wconf 75' lang='lat' dir='ltr'><strong>impedimentum</strong></span> <span class='ocrx_word' id='word_1_185' title='bbox 1351 1553 1401 1594; x_wconf 84' lang='lat' dir='ltr'><strong>aol</strong></span> 
     </span>
     <span class='ocr_line' id='line_1_27' title="bbox 75 1608 1403 1666; baseline 0.001 -16"><span class='ocrx_word' id='word_1_186' title='bbox 75 1625 152 1651; x_wconf 81' lang='lat' dir='ltr'><strong>eam</strong></span> <span class='ocrx_word' id='word_1_187' title='bbox 187 1612 286 1652; x_wconf 79' lang='lat' dir='ltr'><strong>diem</strong></span> <span class='ocrx_word' id='word_1_188' title='bbox 308 1612 473 1666; x_wconf 77' lang='lat' dir='ltr'><strong>fuiffet,</strong></span> <span class='ocrx_word' id='word_1_189' title='bbox 535 1625 647 1665; x_wconf 79' lang='lat' dir='ltr'><strong>quam</strong></span> <span class='ocrx_word' id='word_1_190' title='bbox 676 1611 804 1664; x_wconf 77' lang='lat' dir='ltr'><strong>quod,</strong></span> <span class='ocrx_word' id='word_1_191' title='bbox 864 1608 1033 1650; x_wconf 79' lang='lat' dir='ltr'><strong>vixdum</strong></span> <span class='ocrx_word' id='word_1_192' title='bbox 1058 1610 1243 1651; x_wconf 72' lang='lat' dir='ltr'><strong>inchoatis</strong></span> <span class='ocrx_word' id='word_1_193' title='bbox 1274 1611 1403 1660; x_wconf 80' lang='lat' dir='ltr'><strong>rebus,</strong></span> 
     </span>
     <span class='ocr_line' id='line_1_28' title="bbox 78 1668 1401 1725; baseline 0 -17"><span class='ocrx_word' id='word_1_194' title='bbox 78 1670 120 1709; x_wconf 81' lang='lat' dir='ltr'><strong>in</strong></span> <span class='ocrx_word' id='word_1_195' title='bbox 149 1669 235 1724; x_wconf 36' lang='grc' dir='ltr'><strong><em>ἱρῇ),</em></strong></span> <span class='ocrx_word' id='word_1_196' title='bbox 274 1683 410 1709; x_wconf 86' lang='lat' dir='ltr'><strong>conatu</strong></span> <span class='ocrx_word' id='word_1_197' title='bbox 449 1669 613 1725; x_wconf 79' lang='lat' dir='ltr'><strong>gerendi</strong></span> <span class='ocrx_word' id='word_1_198' title='bbox 654 1668 742 1708; x_wconf 84' lang='lat' dir='ltr'><strong>belli</strong></span> <span class='ocrx_word' id='word_1_199' title='bbox 789 1671 907 1722; x_wconf 87' lang='lat' dir='ltr'><strong>prior</strong></span> <span class='ocrx_word' id='word_1_200' title='bbox 958 1669 1084 1722; x_wconf 79' lang='lat' dir='ltr'><strong>consul</strong></span> <span class='ocrx_word' id='word_1_201' title='bbox 1135 1683 1401 1709; x_wconf 81' lang='lat' dir='ltr'><strong>revocaretur.</strong></span> 
     </span>
     <span class='ocr_line' id='line_1_29' title="bbox 77 1725 1401 1781; baseline 0.002 -18"><span class='ocrx_word' id='word_1_202' title='bbox 77 1725 273 1777; x_wconf 78' lang='lat' dir='ltr'><strong>Quartum</strong></span> <span class='ocrx_word' id='word_1_203' title='bbox 300 1729 382 1781; x_wconf 80' lang='lat' dir='ltr'><strong>jam</strong></span> <span class='ocrx_word' id='word_1_204' title='bbox 420 1740 557 1766; x_wconf 82' lang='lat' dir='ltr'><strong>annum</strong></span> <span class='ocrx_word' id='word_1_205' title='bbox 595 1725 668 1780; x_wconf 83' lang='lat' dir='ltr'><strong>effe</strong></span> <span class='ocrx_word' id='word_1_206' title='bbox 713 1725 757 1765; x_wconf 84' lang='lat' dir='ltr'><strong>ab</strong></span> <span class='ocrx_word' id='word_1_207' title='bbox 799 1726 951 1765; x_wconf 80' lang='lat' dir='ltr'><strong>decreto</strong></span> <span class='ocrx_word' id='word_1_208' title='bbox 996 1726 1243 1766; x_wconf 69' lang='lat' dir='ltr'><strong>Macedonico</strong></span> <span class='ocrx_word' id='word_1_209' title='bbox 1293 1727 1401 1766; x_wconf 79' lang='lat' dir='ltr'><strong>hello.</strong></span> 
     </span>
     <span class='ocr_line' id='line_1_30' title="bbox 79 1782 1405 1840; baseline 0.001 -19"><span class='ocrx_word' id='word_1_210' title='bbox 79 1782 308 1834; x_wconf 78' lang='lat' dir='ltr'><strong>Quaerendo</strong></span> <span class='ocrx_word' id='word_1_211' title='bbox 344 1799 473 1840; x_wconf 85' lang='lat' dir='ltr'><strong>regem</strong></span> <span class='ocrx_word' id='word_1_212' title='bbox 518 1798 556 1823; x_wconf 82' lang='lat' dir='ltr'><strong>et</strong></span> <span class='ocrx_word' id='word_1_213' title='bbox 592 1786 809 1823; x_wconf 80' lang='lat' dir='ltr'><strong>exercitum</strong></span> <span class='ocrx_word' id='word_1_214' title='bbox 853 1786 932 1838; x_wconf 81' lang='lat' dir='ltr'><strong>ejus</strong></span> <span class='ocrx_word' id='word_1_215' title='bbox 973 1783 1185 1836; x_wconf 81' lang='lat' dir='ltr'><strong>Sulpicium</strong></span> <span class='ocrx_word' id='word_1_216' title='bbox 1222 1787 1405 1840; x_wconf 80' lang='lat' dir='ltr'><strong>majorem</strong></span> 
     </span>
     <span class='ocr_line' id='line_1_31' title="bbox 78 1840 1404 1897; baseline 0 -18"><span class='ocrx_word' id='word_1_217' title='bbox 78 1852 229 1893; x_wconf 79' lang='lat' dir='ltr'><strong>partem</strong></span> <span class='ocrx_word' id='word_1_218' title='bbox 272 1844 362 1881; x_wconf 77' lang='lat' dir='ltr'><strong>anni</strong></span> <span class='ocrx_word' id='word_1_219' title='bbox 408 1841 624 1896; x_wconf 84' lang='lat' dir='ltr'><strong>absumfiffe.</strong></span> <span class='ocrx_word' id='word_1_220' title='bbox 713 1840 895 1890; x_wconf 85' lang='lat' dir='ltr'><strong>Villium,</strong></span> <span class='ocrx_word' id='word_1_221' title='bbox 954 1841 1261 1897; x_wconf 79' lang='lat' dir='ltr'><strong>congredientem</strong></span> <span class='ocrx_word' id='word_1_222' title='bbox 1321 1854 1404 1880; x_wconf 86' lang='lat' dir='ltr'><strong>cum</strong></span> 
     </span>
     <span class='ocr_line' id='line_1_32' title="bbox 77 1894 1406 1951; baseline 0.001 -15"><span class='ocrx_word' id='word_1_223' title='bbox 77 1894 201 1948; x_wconf 70' lang='lat' dir='ltr'><em>hoste,</em></span> <span class='ocrx_word' id='word_1_224' title='bbox 263 1912 307 1938; x_wconf 83' lang='lat' dir='ltr'><strong>re</strong></span> <span class='ocrx_word' id='word_1_225' title='bbox 336 1898 479 1951; x_wconf 85' lang='lat' dir='ltr'><strong>infecta</strong></span> <span class='ocrx_word' id='word_1_226' title='bbox 510 1911 735 1938; x_wconf 82' lang='lat' dir='ltr'><strong>revocatum.</strong></span> <span class='ocrx_word' id='word_1_227' title='bbox 806 1898 1058 1949; x_wconf 75' lang='lat' dir='ltr'><strong>Quinctium,</strong></span> <span class='ocrx_word' id='word_1_228' title='bbox 1106 1899 1218 1937; x_wconf 82' lang='lat' dir='ltr'><strong>rebus</strong></span> <span class='ocrx_word' id='word_1_229' title='bbox 1259 1898 1406 1938; x_wconf 80' lang='lat' dir='ltr'><strong>divinis</strong></span> 
     </span>
     <span class='ocr_line' id='line_1_33' title="bbox 81 1953 1407 2012; baseline 0 -18"><span class='ocrx_word' id='word_1_230' title='bbox 81 1953 222 1995; x_wconf 79' lang='lat' dir='ltr'><strong>Romae</strong></span> <span class='ocrx_word' id='word_1_231' title='bbox 246 1956 424 2010; x_wconf 83' lang='lat' dir='ltr'><strong>majorem</strong></span> <span class='ocrx_word' id='word_1_232' title='bbox 450 1968 598 2009; x_wconf 83' lang='lat' dir='ltr'><strong>partem</strong></span> <span class='ocrx_word' id='word_1_233' title='bbox 629 1957 722 1994; x_wconf 86' lang='lat' dir='ltr'><strong>anni</strong></span> <span class='ocrx_word' id='word_1_234' title='bbox 761 1969 976 2001; x_wconf 84' lang='lat' dir='ltr'><strong>retentum,</strong></span> <span class='ocrx_word' id='word_1_235' title='bbox 1029 1960 1083 1996; x_wconf 86' lang='lat' dir='ltr'><strong>ita</strong></span> <span class='ocrx_word' id='word_1_236' title='bbox 1112 1955 1254 2012; x_wconf 84' lang='lat' dir='ltr'><strong>gessiffe</strong></span> <span class='ocrx_word' id='word_1_237' title='bbox 1284 1968 1407 1996; x_wconf 81' lang='lat' dir='ltr'><strong>tamen</strong></span> 
     </span>
     <span class='ocr_line' id='line_1_34' title="bbox 78 2010 1407 2065; baseline 0.002 -15"><span class='ocrx_word' id='word_1_238' title='bbox 78 2025 164 2062; x_wconf 80' lang='lat' dir='ltr'><strong>res,</strong></span> <span class='ocrx_word' id='word_1_239' title='bbox 224 2025 293 2062; x_wconf 78' lang='lat' dir='ltr'><strong>ut,</strong></span> <span class='ocrx_word' id='word_1_240' title='bbox 346 2010 381 2061; x_wconf 85' lang='lat' dir='ltr'><em>fi</em></span> <span class='ocrx_word' id='word_1_241' title='bbox 417 2027 486 2053; x_wconf 82' lang='lat' dir='ltr'><strong>aut</strong></span> <span class='ocrx_word' id='word_1_242' title='bbox 520 2015 712 2053; x_wconf 84' lang='lat' dir='ltr'><strong>maturius</strong></span> <span class='ocrx_word' id='word_1_243' title='bbox 751 2015 792 2051; x_wconf 87' lang='lat' dir='ltr'><strong>in</strong></span> <span class='ocrx_word' id='word_1_244' title='bbox 822 2017 1060 2064; x_wconf 84' lang='lat' dir='ltr'><strong>provinciam</strong></span> <span class='ocrx_word' id='word_1_245' title='bbox 1099 2011 1278 2065; x_wconf 84' lang='lat' dir='ltr'><strong>veniffet,</strong></span> <span class='ocrx_word' id='word_1_246' title='bbox 1337 2025 1407 2052; x_wconf 77' lang='lat' dir='ltr'><strong>aut</strong></span> 
     </span>
     <span class='ocr_line' id='line_1_35' title="bbox 79 2066 1407 2126; baseline 0.001 -18"><span class='ocrx_word' id='word_1_247' title='bbox 79 2066 196 2109; x_wconf 75' lang='lat' dir='ltr'><strong>hiems</strong></span> <span class='ocrx_word' id='word_1_248' title='bbox 215 2072 335 2126; x_wconf 81' lang='lat' dir='ltr'><strong>magis</strong></span> <span class='ocrx_word' id='word_1_249' title='bbox 351 2070 437 2122; x_wconf 87' lang='lat' dir='ltr'><strong>sera</strong></span> <span class='ocrx_word' id='word_1_250' title='bbox 451 2069 618 2123; x_wconf 77' lang='lat' dir='ltr'><strong>suiffet,</strong></span> <span class='ocrx_word' id='word_1_251' title='bbox 655 2072 837 2124; x_wconf 83' lang='lat' dir='ltr'><strong>potuerit</strong></span> <span class='ocrx_word' id='word_1_252' title='bbox 863 2070 1062 2113; x_wconf 79' lang='lat' dir='ltr'><strong>debellare.</strong></span> <span class='ocrx_word' id='word_1_253' title='bbox 1126 2071 1244 2110; x_wconf 86' lang='lat' dir='ltr'><strong>Nunc</strong></span> <span class='ocrx_word' id='word_1_254' title='bbox 1279 2084 1407 2124; x_wconf 81' lang='lat' dir='ltr'><strong>prope</strong></span> 
     </span>
     <span class='ocr_line' id='line_1_36' title="bbox 74 2124 1412 2180; baseline 0.001 -16"><span class='ocrx_word' id='word_1_255' title='bbox 74 2128 123 2170; x_wconf 26' lang='lat' dir='ltr'><strong>*in</strong></span> <span class='ocrx_word' id='word_1_256' title='bbox 143 2124 307 2167; x_wconf 75' lang='lat' dir='ltr'><strong>hiberna</strong></span> <span class='ocrx_word' id='word_1_257' title='bbox 328 2127 574 2180; x_wconf 70' lang='lat' dir='ltr'><strong>profitetum,</strong></span> <span class='ocrx_word' id='word_1_258' title='bbox 608 2129 663 2166; x_wconf 86' lang='lat' dir='ltr'><strong>ita</strong></span> <span class='ocrx_word' id='word_1_259' title='bbox 685 2140 907 2180; x_wconf 83' lang='lat' dir='ltr'><strong>comparare</strong></span> <span class='ocrx_word' id='word_1_260' title='bbox 930 2128 1006 2169; x_wconf 78' lang='lat' dir='ltr'><strong>dici</strong></span> <span class='ocrx_word' id='word_1_261' title='bbox 1026 2127 1183 2177; x_wconf 81' lang='lat' dir='ltr'><strong>bellum,</strong></span> <span class='ocrx_word' id='word_1_262' title='bbox 1229 2141 1298 2177; x_wconf 88' lang='lat' dir='ltr'><strong>ut,</strong></span> <span class='ocrx_word' id='word_1_263' title='bbox 1337 2124 1412 2178; x_wconf 80' lang='lat' dir='ltr'><strong>nifi</strong></span> 
     </span>
     <span class='ocr_line' id='line_1_37' title="bbox 71 2182 1408 2239; baseline 0.001 -16"><span class='ocrx_word' id='word_1_264' title='bbox 71 2182 262 2238; x_wconf 66' lang='lat' dir='ltr'><strong>fittce‘ffor</strong></span> <span class='ocrx_word' id='word_1_265' title='bbox 290 2185 500 2237; x_wconf 80' lang='lat' dir='ltr'><strong>impediat,</strong></span> <span class='ocrx_word' id='word_1_266' title='bbox 545 2184 803 2239; x_wconf 77' lang='lat' dir='ltr'><strong>perfecturus</strong></span> <span class='ocrx_word' id='word_1_267' title='bbox 837 2185 969 2235; x_wconf 75' lang='lat' dir='ltr'><strong>aestme</strong></span> <span class='ocrx_word' id='word_1_268' title='bbox 999 2189 1182 2238; x_wconf 85' lang='lat' dir='ltr'><strong>proxima</strong></span> <span class='ocrx_word' id='word_1_269' title='bbox 1211 2185 1408 2225; x_wconf 79' lang='lat' dir='ltr'><strong>videatur.</strong></span> 
     </span>
     <span class='ocr_line' id='line_1_38' title="bbox 84 2233 1411 2296; baseline -0.001 -15"><span class='ocrx_word' id='word_1_270' title='bbox 84 2233 161 2281; x_wconf 74' lang='lat' dir='ltr'><strong>His</strong></span> <span class='ocrx_word' id='word_1_271' title='bbox 185 2243 442 2282; x_wconf 80' lang='lat' dir='ltr'><strong>orationibus</strong></span> <span class='ocrx_word' id='word_1_272' title='bbox 462 2243 755 2296; x_wconf 80' lang='lat' dir='ltr'><strong>pervicerunt,</strong></span> <span class='ocrx_word' id='word_1_273' title='bbox 795 2254 838 2280; x_wconf 87' lang='lat' dir='ltr'><strong>ut</strong></span> <span class='ocrx_word' id='word_1_274' title='bbox 861 2243 1049 2282; x_wconf 86' lang='lat' dir='ltr'><strong>consules</strong></span> <span class='ocrx_word' id='word_1_275' title='bbox 1078 2245 1125 2282; x_wconf 88' lang='lat' dir='ltr'><strong>in</strong></span> <span class='ocrx_word' id='word_1_276' title='bbox 1146 2242 1312 2282; x_wconf 85' lang='lat' dir='ltr'><strong>senatus</strong></span> <span class='ocrx_word' id='word_1_277' title='bbox 1342 2256 1411 2280; x_wconf 88' lang='lat' dir='ltr'><strong>au-</strong></span> 
     </span>
     <span class='ocr_line' id='line_1_39' title="bbox 85 2298 1411 2349; baseline 0.001 -12"><span class='ocrx_word' id='word_1_278' title='bbox 85 2299 272 2338; x_wconf 78' lang='lat' dir='ltr'><strong>ctoritate</strong></span> <span class='ocrx_word' id='word_1_279' title='bbox 292 2298 382 2339; x_wconf 82' lang='lat' dir='ltr'><strong>fore</strong></span> <span class='ocrx_word' id='word_1_280' title='bbox 405 2299 597 2339; x_wconf 87' lang='lat' dir='ltr'><strong>dicerent</strong></span> <span class='ocrx_word' id='word_1_281' title='bbox 617 2299 670 2349; x_wconf 85' lang='lat' dir='ltr'><strong>se,</strong></span> <span class='ocrx_word' id='word_1_282' title='bbox 697 2299 725 2338; x_wconf 81' lang='lat' dir='ltr'><strong>fi</strong></span> <span class='ocrx_word' id='word_1_283' title='bbox 744 2298 855 2338; x_wconf 84' lang='lat' dir='ltr'><strong>idem</strong></span> <span class='ocrx_word' id='word_1_284' title='bbox 876 2302 1039 2339; x_wconf 88' lang='lat' dir='ltr'><strong>tribuni</strong></span> <span class='ocrx_word' id='word_1_285' title='bbox 1058 2300 1258 2339; x_wconf 82' lang='lat' dir='ltr'><strong>facerent.</strong></span> <span class='ocrx_word' id='word_1_286' title='bbox 1317 2301 1411 2338; x_wconf 88' lang='lat' dir='ltr'><strong>Per-</strong></span> 
     </span>
     <span class='ocr_line' id='line_1_40' title="bbox 87 2355 1410 2410; baseline 0.001 -16"><span class='ocrx_word' id='word_1_287' title='bbox 87 2355 348 2395; x_wconf 79' lang='lat' dir='ltr'><strong>mittentibus</strong></span> <span class='ocrx_word' id='word_1_288' title='bbox 383 2356 573 2410; x_wconf 85' lang='lat' dir='ltr'><strong>&#39;utrisque</strong></span> <span class='ocrx_word' id='word_1_289' title='bbox 614 2357 789 2396; x_wconf 87' lang='lat' dir='ltr'><strong>liberam</strong></span> <span class='ocrx_word' id='word_1_290' title='bbox 839 2357 1208 2406; x_wconf 83' lang='lat' dir='ltr'><strong>consultationem,</strong></span> <span class='ocrx_word' id='word_1_291' title='bbox 1269 2359 1410 2396; x_wconf 85' lang='lat' dir='ltr'><strong>Patres</strong></span> 
     </span>
     <span class='ocr_line' id='line_1_41' title="bbox 90 2412 1411 2467; baseline 0.001 -16"><span class='ocrx_word' id='word_1_292' title='bbox 90 2412 325 2452; x_wconf 85' lang='lat' dir='ltr'><strong>consulibus</strong></span> <span class='ocrx_word' id='word_1_293' title='bbox 345 2416 544 2463; x_wconf 78' lang='lat' dir='ltr'><strong>ambobus</strong></span> <span class='ocrx_word' id='word_1_294' title='bbox 569 2415 726 2453; x_wconf 86' lang='lat' dir='ltr'><strong>Italiam</strong></span> <span class='ocrx_word' id='word_1_295' title='bbox 741 2416 1003 2467; x_wconf 87' lang='lat' dir='ltr'><strong>provinciam</strong></span> <span class='ocrx_word' id='word_1_296' title='bbox 1027 2414 1321 2454; x_wconf 87' lang='lat' dir='ltr'><strong>decreverunt.</strong></span> <span class='ocrx_word' id='word_1_297' title='bbox 1361 2415 1411 2453; x_wconf 86' lang='lat' dir='ltr'><strong>T.</strong></span> 
     </span>
     <span class='ocr_line' id='line_1_42' title="bbox 93 2469 1413 2526; baseline 0.001 -18"><span class='ocrx_word' id='word_1_298' title='bbox 93 2469 291 2522; x_wconf 78' lang='lat' dir='ltr'><strong>Quinctio</strong></span> <span class='ocrx_word' id='word_1_299' title='bbox 309 2472 823 2526; x_wconf 81' lang='lat' dir='ltr'><strong>prorogaruntimperium</strong></span> <span class='ocrx_word' id='word_1_300' title='bbox 839 2502 850 2521; x_wconf 86' lang='lat'><strong>,</strong></span> <span class='ocrx_word' id='word_1_301' title='bbox 893 2471 1032 2513; x_wconf 87' lang='lat' dir='ltr'><strong>donec</strong></span> <span class='ocrx_word' id='word_1_302' title='bbox 1060 2471 1264 2525; x_wconf 77' lang='lat' dir='ltr'><strong>successor</strong></span> <span class='ocrx_word' id='word_1_303' title='bbox 1288 2472 1326 2510; x_wconf 89' lang='lat' dir='ltr'><strong>ei</strong></span> <span class='ocrx_word' id='word_1_304' title='bbox 1348 2484 1413 2509; x_wconf 81' lang='lat' dir='ltr'><strong>ve-</strong></span> 
     </span>
    </p>

    <p class='ocr_par' dir='ltr' id='par_1_4' title="bbox 749 2527 1412 2578">
     <span class='ocr_line' id='line_1_43' title="bbox 749 2527 1412 2578; baseline -0.008 -8"><span class='ocrx_word' id='word_1_305' title='bbox 749 2528 787 2570; x_wconf 90' lang='lat' dir='ltr'><strong>E</strong></span> <span class='ocrx_word' id='word_1_306' title='bbox 816 2538 841 2578; x_wconf 84' lang='lat'><em>5</em></span> <span class='ocrx_word' id='word_1_307' title='bbox 1276 2527 1412 2567; x_wconf 73' lang='lat' dir='ltr'><strong>nisset.</strong></span> 
     </span>
    </p>
   </div>
  </div>
 </body>
</html>
