1548 2703
109 40 191 87 180
306 35 385 74 LI
416 34 450 73 B
476 35 514 75 E
546 36 588 75 R
623 34 838 101 *XXXVss-
865 39 978 77 Car.
1004 40 1180 80 111..1V.
1207 42 1258 80 V.

386 106 438 143 U.
464 107 508 144 C.
533 110 629 157 559.
866 122 900 146 a.
928 109 972 146 C.
997 109 1051 147 N.
1084 114 1174 161 193.

112 160 378 170 -------
1189 166 1455 180 -ᾑ

107 186 307 235 collecto,
336 185 523 224 necdum
545 197 648 225 noto
666 186 759 225 satis
779 189 894 226 inter
916 187 980 237 se,
1021 200 1066 226 ut
1096 189 1228 228 fidere
1263 191 1333 230 alii
1365 188 1456 241 ³11ss

107 241 291 297 possent.
354 244 528 297 Ligures
555 243 830 283 multitudine
850 243 948 284 freti
970 256 1012 297 eff
1030 246 1079 284 in
1101 248 1233 286 aciem
1266 249 1454 299 exibant,

108 301 246 354 parati
270 299 324 338 de
345 300 507 339 summa
527 316 671 340 rerum
696 301 956 341 decernere:
990 314 1030 341 et
1061 304 1326 345 abundantes
1349 307 1456 345 mili·
1486 305 1491 311 ’

50 362 53 365 “
109 369 199 397 tum
229 372 412 404 numero
433 358 579 413 passim
610 360 761 398 multas
792 374 944 398 manus
974 375 1052 414 per
1087 373 1276 403 extrema
1305 365 1456 408 finium

109 415 166 455 ad
192 415 489 470 praedandum
514 418 786 456 emittebant:
821 428 884 467 et,
917 432 1012 456 cum
1042 432 1183 458 coacta
1213 420 1273 460 vis
1302 435 1456 475 magna

109 488 315 530 pecorum
346 474 614 529 praedaeque
653 474 779 525 esset,
838 487 1031 529 paratum
1067 488 1156 516 erat
1187 477 1455 532 praesidium,¹

110 546 190 587 per
209 532 575 587 quod'inycastella
598 547 743 572 eorum
764 534 959 587 vicosque
980 546 1184 589 ageretur.

228 648 302 688 IV.
363 649 468 687 Cum
498 647 659 686 beilum
690 646 949 703 Ligustinum
980 648 1033 688 ad
1066 648 1171 690 Pisas
1199 648 1458 700 constitisset,

113 704 261 748 consul
286 706 392 744 aiter
412 707 455 744 L.
481 706 702 759 Cornelius
725 707 889 746 Merula
918 721 996 761 per
1025 718 1235 750 extremos
1260 707 1458 761 Ligurum

64 805 67 807 ,
113 763 222 803 fines
255 765 488 802 exercitum
519 765 744 817 inpagrum
773 764 970 815 Boiorum
993 764 1188 816 induxit,
1227 766 1297 804 ubi
1331 766 1458 820 longe

114 821 197 867 alia
230 822 330 868 beHi
358 821 488 870 ratio,
526 836 652 873 quam
676 836 768 860 cum
792 822 1034 875 Liguribus,
1069 835 1169 863 erat.
1232 822 1384 863 Consul
1408 823 1458 863 in

115 879 250 919 aciem
279 880 440 929 exibat,
471 878 608 931 hostes
636 894 821 934 pugnam
847 879 1160 923 detrectabant3
1192 880 1457 935 praedatum-

115 950 228 990 que,
260 938 335 975 ubi
366 951 495 975 nemo
527 937 694 988 obviam
721 938 878 986 exiret,
918 937 1213 977 discurrebant
1243 939 1457 988 Romani;

115 994 211 1046 Boii
232 993 361 1048 diripi
376 994 665 1047 suaimpune,
705 1009 831 1048 quam
852 995 1013 1034 tuendo
1044 1010 1091 1035 ea
1125 995 1348 1046 conserere
1371 1010 1458 1034 cer-

117 1063 288 1103 tamen,
313 1053 542 1090 malebant.
606 1050 824 1105 Postquam
848 1053 993 1091 omnia
1020 1051 1136 1091 ferro
1167 1054 1340 1107 ignique
1367 1052 1459 1094 satis

120 1109 300 1161 evastata
321 1120 468 1159 erant,
511 1108 657 1148 consul
678 1123 777 1163 agro
798 1109 978 1149 hostium
1005 1110 1194 1160 excessit,
1235 1122 1275 1150 et
1300 1110 1352 1150 ad
1371 1112 1461 1150 Mu-

119 1169 256 1217 tinam
277 1168 447 1221 agmine
468 1168 653 1216 incauto,
685 1179 729 1205 ut
748 1169 864 1206 inter
885 1179 1064 1220 pacatos,
1099 1167 1288 1208 ducebat.
1349 1169 1464 1222 Boji‚·

120 1226 196 1264 ubi
220 1225 427 1279 egressum
447 1239 469 1264 e
492 1225 647 1264 finibus
668 1224 746 1264 suis
767 1224 927 1264 hostem
949 1225 1136 1276 sensere,
1178 1226 1462 1280 sequebantur

119 1282 262 1334 silenti
285 1284 469 1337 agmine,
492 1284 630 1321 locum
651 1282 812 1322 infidiis
834 1294 1097 1336 quaerentes.
1130 1295 1256 1323 nocte
1277 1295 1460 1338 praeter-

120 1340 245 1396 gressi
265 1341 396 1380 castra
418 1342 630 1388 Romana,
653 1340 815 1388 saltum,
839 1355 920 1394 qua
938 1341 1248 1393 transeundum
1270 1353 1358 1381 erat
1376 1343 1460 1380 Ro·

107 1400 285 1452 «manis,
332 1397 596 1438 insederunt.
666 1397 716 1437 Id
756 1413 847 1436 cum
880 1413 1032 1453 parum
1064 1400 1222 1439 occulte
1252 1397 1458 1449 fecissent,

121 1455 292 1506 consul,
334 1457 405 1510 qui
431 1457 561 1494 multa
586 1467 711 1495 nocte
735 1455 873 1495 solitus
901 1467 990 1495 erat
1011 1471 1181 1495 movere
1208 1457 1362 1506 castra,
1401 1470 1462 1496 ne

68 1566 70 1568 v
121 1529 212 1562 nox
234 1525 443 1554 terrorem
464 1514 513 1553 in
534 1515 807 1552 tumultuario
827 1515 988 1568 proeiio
1011 1526 1198 1567 augeret,
1228 1517 1365 1554 iucem
1392 1528 1462 1566 ex·

121 1573 347 1627 spectavit:
376 1583 438 1621 et,
470 1586 566 1610 cum
597 1573 690 1610 luce
724 1583 933 1621 moveret,
964 1583 1109 1610 tamen
1144 1584 1326 1612 turmam
1349 1573 1461 1626 equi·

122 1641 212 1671 tum
237 1631 497 1684 exploratum
521 1628 640 1668 misit.
702 1629 914 1682 Postquam
946 1630 1124 1668 relatum
1147 1629 1236 1680 vest,
1279 1642 1461 1684 quantae

121 1689 268 1742 copiae
284 1717 295 1738 ,
326 1699 366 1727 et
393 1689 441 1742 in
464 1702 545 1741 quo
567 1688 659 1726 loco
681 1686 827 1736 essent,
861 1688 981 1726 totius
1005 1687 1186 1740 agminis
1209 1688 1391 1727 sarcinas
1411 1688 1461 1727 in

121 1746 312 1786 medium
344 1746 497 1797 conjici
527 1744 661 1798 jussit,
704 1755 744 1783 et
770 1746 932 1784 triarios
964 1746 1119 1783 vallum
1149 1747 1461 1796 circumjicerex

120 1815 264 1844 cetero
299 1803 486 1847 exercitu
516 1802 720 1842 instructo
747 1801 801 1840 ad
835 1802 1203 1844 hostem-accessit,
1269 1803 1390 1843 Idem
1421 1813 1461 1842 et

123 1863 240 1903 Galli
256 1860 479 1910 fecerunt,
512 1859 728 1914 postquam
754 1872 917 1913 apertas
941 1859 1022 1898 esse
1044 1861 1241 1912 insidias,
1283 1873 1324 1900 et
1346 1871 1462 1899 recto

122 1935 172 1964 ae
201 1919 306 1973 justo
337 1919 525 1973 proelio,
585 1918 660 1957 ubi
689 1932 790 1957 vera
820 1919 949 1959 virtus
982 1918 1198 1971 vinceret,
1258 1919 1463 1960 dimican-

122 1977 227 2023 dum
248 1976 463 2026 viderunt.
1510 1975 1512 1977 ’

239 2096 291 2135 V.
354 2094 469 2132 Hora
487 2090 673 2131 secunda
693 2090 829 2131 ferme
850 2090 1099 2130 concursum
1119 2089 1189 2130 est.
1220 2089 1385 2130 sinistra
1406 2090 1466 2131 so-

122 2153 287 2195 ciorum
319 2152 384 2190 a1a
417 2161 459 2190 et
488 2149 814 2189 extraordinarii
844 2150 980 2202 prima
1008 2150 1056 2188 in
1085 2150 1171 2187 acie
1198 2152 1459 2203 pugnabant.
1519 2195 1522 2200 Ι

120 2220 351 2265 praeerant
372 2209 455 2248 duo
477 2207 866 2259 consularesiegati,
887 2208 945 2244 M.
960 2207 1186 2245 Marcellus
1210 2218 1246 2244 et
1270 2208 1336 2245 Ti.
1350 2207 1464 2246 Sem-

119 2269 323 2322 pronius,
363 2266 516 2320 prioris
546 2266 651 2305 anni
682 2264 839 2303 consul.
905 2264 1050 2303 Novus
1081 2262 1224 2302 consul
1257 2277 1378 2302 nunc
1411 2262 1466 2304 ad

119 2327 261 2380 prima
284 2324 399 2378 ligna
420 2335 521 2372 erat,
554 2337 674 2361 nunc
693 2323 880 2375 legiones
904 2322 1157 2360 continebat
1179 2322 1229 2360 in
1251 2320 1466 2371 subsidiis3
1508 2353 1509 2356 ,

120 2398 179 2424 ne
207 2382 455 2422 certaminis
483 2380 618 2419 studio
646 2381 761 2434 prius
788 2389 1116 2433 procurrerent,
1159 2393 1286 2431 quam
1319 2378 1464 2418 datum
1527 2430 1535 2436 ,

119 2440 282 2496 lignum
314 2439 428 2481 esset.
489 2439 648 2493 equites
670 2448 813 2478 earum
838 2447 957 2476 extra
989 2438 1122 2476 aciem
1150 2436 1200 2476 in
1228 2437 1368 2483 locum
1396 2449 1468 2490 paq

1257 98 1457 112 ——-
1508 106 1517 109 -

1374 2504 1467 2534 ten·
1520 2533 1531 2546 ,
