1548 2703
161 67 369 108 LlssER
399 68 634 110 xxxvm
688 68 800 120 cm.
823 66 969 106 xxxt
991 63 1159 106 xxxn
1223 64 1361 120 ,ν’-319

22 231 123 272 opes
141 229 181 256 et
201 218 488 256 auctoritatem
514 192 944 258 Lacedaemoniorum
959 247 970 265 ,
1012 217 1238 255 concilium
1262 229 1359 268 que

24 276 218 315 rentibus
238 274 366 313 dedit.
416 275 738 329 decretumque,
766 291 816 314 οο
837 274 1077 322 referente,
1111 273 1264 312 factum
1287 272 1359 321 est,
1413 302 1418 305 -

29 332 127 373 Cum
159 335 198 371 in
223 330 343 383 fidem
373 331 611 372 Achaeorum
641 334 872 386 tutelamque
907 330 954 371 T.
978 332 1190 382 Quinctius
1215 344 1252 369 et
1282 330 1359 369 Ro-

24 393 124 431 mani
157 390 361 429 Laconicae
387 404 475 429 orae
504 391 646 441 castella
676 403 713 429 et
739 393 842 430 vicos
865 388 1139 441 tradidiffent,
1179 401 1236 432 et,
1278 401 1360 427 cum

24 447 216 488 abstinere
246 446 307 487 liis
339 462 388 485 ex
408 447 576 500 foedere
605 447 890 488 Lacedaemonii
911 447 1024 486 deber
1029 459 1113 495 ent,
1148 445 1227 484 Las
1249 448 1359 484 vicus

29 518 281 561 oppugnatus
303 503 413 556 esset,
452 506 659 559 caedesque
687 506 739 544 ibi
769 506 903 556 βιαιως
943 508 1010 558 qui
1038 505 1118 557 ejus
1147 506 1208 542 rei
1231 516 1359 542 aucto-

28 578 93 603 res
122 561 333 616 affinesque
364 560 502 614 effent,
562 563 632 612 m'fi
664 563 903 603 dederentur
934 561 1126 612 Achaeis,
1174 560 1358 600 violatum

28 620 159 661 videri
172 620 331 673 foedus.
390 621 459 659 Ad
483 621 767 675 exposcendos
793 635 860 660 eos
891 621 1014 675 legati
1046 620 1257 673 extemplo
1286 620 1359 656 La-

29 678 334 718 cedaemonem
355 678 462 717 missi
486 680 594 719 sunt
637 679 713 718 Id
704 681 931 733 imperium
953 678 1056 718 adeo
1076 678 1298 732 superbum
1319 686 1360 714 et

29 736 256 790 indignum
280 736 620 776 Lacedaemoniis
642 737 772 779 visum
795 737 875 788 est,
906 748 971 786 ut,
1006 735 1034 774 11
1064 736 1236 788 antiqua
1264 732 1360 773 civi-

29 796 123 834 tatis
151 793 323 834 fortuna
354 793 477 843 esset,
524 795 637 833 haud
670 795 736 833 du
731 809 795 833 )10
819 810 935 833 arma
958 795 1168 848 extemplo
1197 789 1362 845 capturi

29 852 205 893 fuerint.
248 852 429 890 maxime
449 863 585 892 autem
609 853 894 892 consternavit
916 866 983 891 eos
1001 861 1147 901 metus,
1180 850 1208 889 fi
1231 849 1361 888 semel

29 910 179 964 primis
211 910 269 948 im
303 910 399 949 eriis
431 910 671 950 obediendo
701 912 839 965 jugum
871 910 1146 964 accepissent,
1193 922 1274 956 ne,
1315 905 1363 946 id

32 966 172 1022 quod'
162 977 245 1022 jam
295 968 337 1006 iu
357 969 585 1018 moliretur,
609 969 695 1007 Phil
686 970 912 1022 lopoemen
942 967 1147 1007 exsulibus
1161 965 1363 1005 Lacedae-

31 1040 208 1065 monem
229 1025 427 1064 traderet.
483 1028 689 1065 Furentes
711 1027 835 1079 igitur
858 1028 943 1074 ira,
985 1027 1156 1079 triginta
1180 1022 1363 1062 homini·

34 1085 111 1123 bus
142 1098 195 1123 ex
225 1082 434 1133 factione,
491 1098 586 1122 cum
615 1098 694 1136 qua
725 1082 992 1123 consiliorum
1026 1084 1162 1136 aliqua
1194 1081 1364 1120 societas

34 1141 357 1194 Philopoemeni
378 1152 499 1194 atque
521 1141 728 1180 exsulibus
748 1152 860 1189 erat,
893 1141 1138 1188 intersectis,
1169 1138 1371 1177 decreve·-

31 1209 161 1247 runt,
194 1199 529 1238 renuntiandam
551 1198 786 1237 societatem
805 1198 986 1238 Achaeis
1000 1229 1010 1247 ,
1040 1200 1275 1250 legatosque
1295 1209 1364 1234 ex-

33 1257 194 1310 templo
217 1257 535 1310 Cephalleniam
557 1256 809 1305 mittendos,
842 1257 910 1308 qui
937 1255 1097 1294 consuli
1125 1257 1182 1294 Ma
1205 1254 1364 1300 Fulvio,

35 1315 190 1368 quique
219 1314 426 1354 Romanis
458 1314 817 1353 Lacedaemonem
850 1313 1081 1359 dederent3
1111 1322 1368 1363 orarentque

38 1386 160 1420 eum,
202 1382 249 1410 ut
277 1372 440 1411 veniret
469 1373 517 1410 in
547 1372 878 1425 Peloponnesum
911 1371 963 1410 ad
993 1373 1141 1409 urbem
1163 1368 1369 1409 Lacedae·

36 1444 211 1469 monem
251 1430 300 1469 in
337 1428 463 1469 fidem
505 1428 796 1484 ditionemque
834 1430 981 1484 populi
1025 1428 1215 1468 Romani
1265 1426 1368 1466 acci

40 1487 259 1542 piendam

156 1596 320 1641 XXXII.
348 1601 399 1641 Id
417 1596 621 1656 ubilegati
635 1601 687 1641 acl
698 1598 887 1642 Achaeos
900 1600 1153 1648 retulerunt,
1177 1597 1370 1638 omnium

43 1656 282 1708 civitatum,
328 1674 432 1713 quae
461 1660 547 1711 ejus
585 1661 756 1699 concilii
787 1667 940 1708 erant,¹
977 1658 1182 1697 consensu
1212 1658 1372 1697 bellum

42 1714 388 1757 Lacedaemoniis
421 1717 630 1757 indictum
670 1717 738 1756 est.
799 1733 856 1757 ne
890 1717 1101 1769 extemplo
1138 1725 1370 1770 gereretur,

44 1771 178 1812 hiems
200 1774 403 1828 impediit.
465 1775 778 1815 Incurlionihus
806 1787 950 1814 tamen
972 1773 1126 1827 parvis,
1160 1771 1372 1810 latrocinii

46 1832 174 1883 magis
198 1846 322 1884 quam
344 1833 444 1872 belli
465 1832 613 1881 modo,
653 1847 745 1871 non
775 1843 888 1872 terra
918 1842 1106 1878 tantum,
1147 1829 1219 1868 sed
1248 1831 1375 1868 etiam

46 1890 225 1928 navibus
252 1904 273 1927 a
297 1890 409 1929 'mari
438 1890 544 1930 fines
569 1905 713 1929 eorum
735 1891 886 1930 vastati.
949 1891 1027 1928 Hic
1053 1889 1252 1927 tumultus
1275 1896 1374 1925 con-

47 1944 211 1984 sulem
203 1961 248 1985 m
269 1947 601 2001 Peloponnesum
626 1948 820 1996 adduxit3,
840 1947 1026 2001 ‘jussuque
1045 1947 1132 1998 ejus
1150 1945 1252 1984 Elin
1273 1957 1373 1982 con-

52 2004 148 2042 cilio
170 2004 347 2058 indicto,
370 2005 691 2045 Lacedaemonu
704 2005 756 2045 ad
777 2004 1098 2059 disceptandum
1111 1998 1244 2041 acciti.
1287 2004 1374 2040 ma-

7 2076 10 2078 ·
51 2069 136 2112 gna
157 2063 215 2100 ibi
236 2076 328 2101 non
351 2062 594 2118 disceptatio
616 2064 765 2113 inodo,
794 2060 868 2102 sed
897 2065 1022 2102 etiam
1049 2061 1261 2100 altercatio
1283 2058 1375 2098 fuit.

52 2119 119 2157 cui
141 2119 310 2169 consul,
355 2136 448 2160 cum
479 2123 580 2168 alia,
585 2122 704 2160 satis
734 2121 947 2160 ambitiose
973 2130 1135 2174 partem
1156 2128 1377 2169 utramque

55 2173 264 2227 fovendo,
300 2180 467 2218 incerta
497 2151 796 2231 irespondisset,
837 2193 924 2217 una
949 2176 1298 2222 denuntiatione,
1330 2183 1378 2212 ut

55 2233 166 2271 bello
184 2236 460 2286 abstinerent,
484 2236 621 2275 donec
642 2238 678 2275 1‘
684 2251 823 2275 omam
845 2238 997 2288 legatos
1020 2234 1071 2273 ad
1089 2233 1278 2272 senatum
1303 2233 1383 2268 mi»

56 2287 210 2341 Essent,
235 2292 365 2332 finem
385 2293 590 2347 imposuit.
653 2296 704 2332 U·
697 2297 864 2348 .rinque
886 2293 1034 2347 legatio
1053 2290 1171 2330 missa
1195 2291 1361 2329 Roman
1353 2302 1379 2324 1

60 2344 130 2385 est.
190 2349 347 2390 exsules
368 2364 530 2405 quoque
553 2350 982 2396 Lacedaemoniorum
1002 2349 1115 2388 suam
1135 2347 1298 2387 eausam
1324 2347 1383 2383 le·

57 2404 350 2460 gationemque
362 2409 571 2448 Achaeis·
560 2410 764 2461 mjunxei
768 2420 857 2447 unt.
887 2408 1154 2461 Diophanes,
1178 2415 1218 2444 et
1231 2406 1277 2444 L
1269 2430 1282 2455 J
1283 2414 1381 2440 001

3 2473 8 2483 *
61 2470 145 2510 taS,
176 2463 519 2519 Megalopolitani
545 2469 692 2515 ambo,
722 2467 937 2521 principes
958 2464 1176 2518 legationis
1198 2461 1383 2501 Achaeo-

1287 2531 1382 2555 litu}
