1548 2703
224 122 227 124 ’
267 89 480 160 'tmen
521 103 645 159 xrv‘.
705 106 817 183 ‘'32¹’-
851 120 973 158 xxx.
1007 110 1152 158 xxxi.
1299 101 1373 157 ἐει

322 191 376 229 υ.
399 191 442 229 o.
464 191 560 236 585.
804 203 839 227 a
865 191 907 226 (τ.
933 191 982 227 N
1011 190 1103 236 167.
1371 210 1375 214 -

51 271 141 310 sum
163 260 336 309 amnem
357 265 553 308 incolunt
572 279 612 308 et
633 270 743 308 circa
755 269 1044 321 Strymonem)
1066 279 1108 307 et
1127 263 1276 306 multas
1296 266 1379 307 fru-

49 341 147 382 gum
166 328 456 386 proprietates,
489 337 529 365 et
547 328 736 376 metalla,
767 337 808 365 et
826 326 1185 391 opportunitatem
1187 318 1377 378 Amphi-

47 385 179 440 polis:
211 399 314 438 quae
337 383 496 437 objecta
519 384 675 433 claudit
695 397 844 423 omnes
865 386 916 422 ab
936 384 1098 422 oriente
1118 382 1232 422 sole
1223 398 1272 421 111
1293 384 1377 421 Ma·

48 442 280 482 cedoniam
311 440 460 480 aditu's.
513 430 731 481 Secunda
768 455 865 496 pars
906 441 1199 481 celeberrimas
1239 441 1375 489 urbes,

47 496 382 540 Thessalonicen
404 509 443 537 et
466 498 774 549 Cassandriam,
805 499 955 548 habet3
989 498 1041 537 ad
1061 498 1142 537 hoc
1160 498 1376 545 Pallenen,

47 556 233 596 fertilem
254 571 301 595 ac
320 555 567 609 frugiferam
587 565 768 597 terram.
791 557 1020 596 maritimas
1043 568 1206 609 quoque
1227 568 1373 608 oppor-

50 616 250 654 tunitates
288 615 327 653 ei
361 615 568 668 praebent
605 625 750 670 portus
783 614 837 653 ad
870 616 1077 653 Toronen
1107 628 1154 652 ac
1186 624 1372 651 montem

45 667 180 726 Atho,
217 669 418 721 (Aeneae
438 683 590 711 vocant
609 674 754 725 hunc)
782 673 852 711 alii
873 671 925 710 ad
944 671 1123 710 insulam
1144 670 1373 734 Euboeam,

44 724 119 768 alii
140 728 192 768 ad
213 724 532 784 Hellespontum
561 732 800 785 opportune
825 729 941 769 verli.
1002 730 1146 767 Tertia
1166 729 1279 783 regio
1300 741 1373 765 no-

43 781 151 826 'biles
177 789 322 835 urbes,
357 786 550 826 Edessam
572 799 611 828 et
630 789 836 827 Beroeam
867 798 907 825 et
934 788 1111 836 Pellam,
1149 786 1298 833 habet,
1335 794 1374 822 et

45 840 283 885 Vettiorum
314 843 549 884 bellicosam
572 856 765 899 gentem.
806 845 967 885 inc'olas
996 842 1159 897 quoque
1191 842 1371 907 permul

44 912 105 940 tos
127 902 272 941 Gallos
295 912 335 940 et
354 901 533 955 Illyrios,
564 903 764 957 impigros
785 903 976 941 cultores.
1019 903 1221 952 Quartam
1243 900 1373 952 regio·

18 955 21 958 ’
43 953 146 998 hem
165 958 350 998 Eordaei
368 970 408 998 et
429 960 660 1012 Lyncestae
681 972 722 1000 et
740 962 966 1013 Pelagones
986 959 1204 1008 incolunt3
1231 959 1372 1010 juncta

41 1016 108 1056 his
128 1012 374 1064 Atintania,
410 1028 449 1056 et
472 1018 749 1072 St5mphalis,
780 1030 821 1057 et
842 1016 1063 1057 Elimiotis.
1095 1015 1249 1070 frigida
1269 1016 1373 1054 haec

42 1075 205 1124 omnis,
245 1074 441 1129 duraque
463 1077 598 1125 cultu,
639 1086 679 1115 et
711 1075 855 1129 aspeia
884 1077 1004 1129 plaga
1042 1073 1122 1114 est:
1164 1072 1370 1112 cultoium

42 1145 206 1185 quoque
244 1133 418 1185 ingenia
450 1135 590 1181 terrae
621 1132 771 1172 similia
799 1134 938 1173 habet.
980 1131 1206 1171 ferociores
1237 1145 1306 1170 eos
1332 1141 1373 1170 et

41 1190 207 1228 accolae
237 1191 406 1235 barbari
433 1190 617 1239 faciunt3
655 1205 777 1229 nunc
804 1191 913 1229 bello
943 1200 1210 1238 exercentes,
1254 1202 1372 1227 nunc

39 1248 90 1301 in
118 1260 219 1300 pace
249 1247 469 1287 miscentes
509 1249 612 1287 ritus
649 1247 753 1288 suos.
813 1248 983 1288 Divisae
1013 1248 1150 1299 itaque
1179 1245 1369 1285 Macedo·

39 1304 139 1343 niae
166 1305 347 1358 partium
376 1304 512 1345 usibus
544 1305 763 1360 separatis,
795 1318 955 1358 quanta
984 1303 1200 1345 universos
1229 1315 1370 1343 teneat
1427 1338 1434 1340 ,

38 1361 316 1412 Macedonas,
353 1361 534 1403 formula
558 1363 691 1415 dicta,
725 1378 822 1403 cum
853 1365 965 1418 leges
996 1376 1159 1417 quoque
1188 1361 1230 1402 se
1254 1361 1370 1402 datu-

37 1433 134 1476 rum
163 1418 422 1460 ostendisset.

150 1536 297 1575 XXXI.
338 1535 480 1577 Aetoli
502 1536 659 1587 deinde
680 1520 818 1576 citati:
848 1536 896 1574 in
920 1549 1000 1589 qua
1019 1535 1263 1590 cognitione
1283 1547 1367 1573 ma-

37 1591 113 1647 gis,
139 1604 233 1632 utra
251 1608 348 1647 pars
370 1596 591 1644 Immanis,
619 1606 712 1633 utra
728 1594 819 1647 regi
838 1592 1011 1643 favisset,
1046 1592 1275 1647 quaesitum
1295 1591 1366 1643 est,

36 1664 162 1703 quam
192 1651 277 1690 utri
309 1651 504 1691 fecissent
534 1652 758 1705 injuriam,
801 1662 871 1690 aut
900 1665 1026 1705 accep
1028 1651 1166 1691 issent.
1240 1650 1368 1690 Noxa

34 1704 202 1747 liberati
226 1709 542 1750 interfectores:
575 1709 765 1749 exsilium
788 1708 912 1763 pulsis
943 1723 1072 1763 aeque
1103 1720 1254 1749 ratum
1271 1707 1365 1756 fuit,

35 1778 83 1805 ac
100 1779 214 1805 mors
235 1763 479 1808 intersectis.
517 1766 568 1807 A.
586 1768 762 1807 Baebius
783 1781 891 1806 unus
911 1766 970 1806 est
989 1767 1225 1814 damnatus,
1252 1764 1366 1820 quod

33 1811 189 1863 milites
211 1825 428 1865 Romanos
448 1824 702 1880 praebuisset
721 1823 776 1864 ad
796 1824 1077 1865 ministerium
1099 1824 1250 1864 caedis.
1285 1824 1364 1863 Hic

33 1891 210 1921 eventus
227 1881 476 1922 Aetolorum
496 1883 668 1923 causae
659 1897 708 1923 m
728 1884 923 1922 omnibus
945 1884 1148 1924 Graeciae
1169 1883 1363 1936 gentibus

31 1939 282 1993 populisque
305 1940 471 1990 ecrum,
508 1942 579 1995 qui
600 1941 731 1994 partis
753 1943 1048 1980 Romanorum
1072 1940 1266 1989 fuerant,
1298 1940 1361 1978 in-

33 1994 147 2036 flavit
174 1996 228 2044 ad
252 1998 565 2039 intolerabilem
591 1996 831 2058 superbiam
862 2000 1053 2051 animos3
1088 2010 1129 2039 et
1155 1999 1362 2037 obnoxios

32 2055 210 2121 Ρηθάἰὸιιε
233 2054 380 2095 eorum
401 2053 611 2112 subjecit,
622 2070 724 2110 quos
746 2057 885 2110 aliqua
907 2069 1026 2111 parte
1055 2056 1229 2110 suspicio
1249 2054 1361 2095 favo-

32 2112 91 2151 ris
111 2112 160 2151 in
181 2126 323 2166 regem
345 2115 590 2169 contigerat.
631 2114 703 2153 Γ
670 2129 733 2154 ria
752 2128 909 2169 genera
932 2116 1174 2169 principum
1194 2115 1242 2153 in
1263 2115 1358 2154 civi-

33 2169 184 2209 tatibus
208 2182 352 2212 erant:
383 2172 488 2238 duo,
520 2187 624 2227 quae
644 2166 858 2211 adulando
883 2185 952 2213 aut
968 2175 1265 2212 homanorum
1284 2172 1357 2212 im-

32 2228 224 2287 perium,
261 2239 332 2268 aut
361 2231 585 2276 amicitiam
609 2242 783 2285 regum,
823 2229 899 2273 fibi
931 2232 1124 2285 privatim
1157 2244 1257 2284 opes
1287 2245 1357 2284 Op-

2 2303 3 2333 ]
32 2283 178 2342 pressis
210 2282 433 2327 faciebant
469 2289 724 2329 civitatibus:
766 2287 956 2330 medium
994 2303 1150 2338 unum,
1191 2289 1357 2341 utrique

0 2366 1 2371 =
32 2343 181 2398 generi
213 2343 451 2401 adversum,
488 2346 724 2386 libertatem
747 2357 788 2389 et
806 2348 917 2400 leges
939 2350 1146 2386 tuebatur.
1206 2347 1282 2385 His
1312 2356 1356 2384 ut

32 2400 166 2455 major
187 2401 298 2455 apud
319 2403 410 2444 suos
432 2405 600 2456 caritas,
629 2405 684 2443 ita
705 2404 850 2444 minor
871 2404 982 2460 apud
1004 2416 1203 2444 externos
1222 2405 1354 2457 gratia

33 2468 135 2496 erat.
195 2459 395 2501 Secundis
423 2464 548 2502 rebus
571 2462 667 2504 elati
688 2463 980 2503 Romanorum
1010 2463 1139 2516 partis
1160 2462 1246 2514 ejus
1269 2459 1353 2500 sau-

5 2523 164 2567 tores,
209 2515 285 2568 soli
321 2530 410 2561 tum
444 2520 493 2562 in
519 2514 850 2574 magistratibus,
894 2519 968 2563 soli
999 2521 1049 2560 in
1074 2512 1352 2574 legationibus

287 2583 312 2596 '⁶
687 2580 751 2621 Tt
785 2581 813 2625 3
1217 2588 1351 2616 erant.
