1548 2703
285 85 331 128 L
347 86 367 125 1
397 84 448 124 B
457 85 498 124 E
527 85 568 124 R
612 82 1396 148 XXX1V.CA1›.XXVI11.143

59 136 596 153 Μή*
609 139 1127 151 -υ-φ--ι--ι--ᾴ-

59 207 1391 222 m———Q—-u-——ss—

54 246 158 280 rex,
185 247 279 272 cum
301 235 545 282 Cleomene,
576 185 1006 275 Lacedaemoniorum
1029 244 1228 285 tyranno,
1263 231 1388 288 signis

55 291 214 329 coilatis
233 289 450 332 dimicasse
471 291 700 335 dicebatur.
748 291 853 333 inde
869 321 880 339 ,
922 305 1033 330 cum
1040 287 1217 330 audisset
1244 289 1386 329 ascen·

52 346 142 387 sum
157 346 339 389 difficilis
357 360 399 388 et
410 359 547 389 arctae
566 351 656 389 viae
673 349 771 400 esse,
798 350 911 390 brevi
933 362 1009 401 per
1029 358 1196 387 montes
1207 347 1384 387 circuitu

51 405 305 460 praemissis,
337 407 408 461 qui
427 407 647 446 munirent
668 408 791 458 viam,
822 408 903 447 lato
924 406 1016 446 satis
1039 417 1078 445 et
1093 404 1255 460 patenti
1275 405 1382 445 limi·

53 472 96 502 te
117 462 171 502 ad
195 463 281 502 Em
282 475 393 504 otam
411 478 607 514 amnem,
634 463 708 504 sub
726 459 836 519 ipsis
841 478 974 519 prope
996 463 1196 503 fluentem
1217 461 1380 503 moeni-

50 521 142 570 bus,
171 522 380 577 pervenit.
411 523 483 561 ubi
501 522 632 562 castra
652 533 858 564 metantes
881 523 1091 561 Romanos
1113 520 1380 572 Quinctium·

51 589 135 633 que
150 577 308 632 ipsum
343 593 438 618 cum
453 581 686 647 Ηεςυὶιίἱηιε
703 592 825 634 atque
849 578 1059 633 expeditis
1078 575 1376 633 praegressum,

50 634 271 676 auxiliares
289 637 467 689 tyranni
486 636 621 679 adorti
633 667 646 686 ,
676 638 724 678 in
740 649 945 678 terrorem
966 651 1014 677 ac
1034 636 1254 675 tumultum
1276 648 1376 674 con-

47 691 265 746 jecerunt,
303 694 414 734 nihil
435 698 517 736 tale
536 688 823 750 exspectantes
836 725 847 745 ,
883 696 978 749 quia
995 708 1125 735 nemo
1145 693 1211 733 his
1230 692 1377 733 obvius

48 760 137 791 toto
165 751 321 792 itinere
350 751 508 803 fuerat,
561 767 608 793 ac
639 754 766 794 veluti
795 763 940 808 pacato
971 766 1069 807 agro
1098 751 1374 793 transierant

47 804 320 862 Aliquamdiu
349 809 559 866 peditibus
585 812 769 865 equites,
803 811 1009 864 equitibus
1038 809 1202 864 pedites
1221 815 1374 848 vocan

49 866 179 916 dhus,
210 881 305 906 cum
330 867 379 907 in
406 867 446 906 se
473 869 622 923 cuique
644 870 870 909 minimum
896 867 1071 909 fiduciae
1094 866 1218 916 esset,
1249 865 1376 918 trepi-

42 921 190 964 datum
219 924 290 964 est.
345 924 520 966 tandem
549 926 663 980 figna
687 928 900 981 legionum
928 925 1290 981 supervenerunt:
1319 932 1383 971 et,

42 993 148 1021 cum
161 982 289 1037 primi
306 983 485 1037 agminis
506 984 698 1026 cohortes
716 984 934 1024 inductae
923 998 972 1023 ιη
993 983 1202 1051 proelium
1224 979 1372 1029 essent,

43 1037 118 1093 qui
145 1038 270 1079 modo
299 1042 451 1080 terrori
477 1039 667 1092 fuerant,
717 1041 977 1096 trepidantes
1005 1043 1054 1081 in
1082 1042 1228 1080 urbem
1262 1052 1374 1078 com-

42 1095 149 1151 pissfi
181 1097 315 1137 sunt.
347 1099 560 1148 Romani,
597 1114 692 1139 cum
721 1110 885 1139 tantum
912 1113 938 1139 a
957 1113 1078 1139 mmo
1099 1095 1370 1144 recessissent,

44 1163 93 1194 ut
123 1166 240 1195 extra
269 1156 399 1195 ictum
428 1157 501 1196 teli
531 1156 688 1207 essent,
722 1158 808 1197 acie
836 1156 996 1197 directa
1015 1156 1227 1211 paulisper
1254 1154 1372 1193 stete-

42 1223 158 1252 runt.
219 1212 434 1267 Postquam
454 1228 583 1254 nemo
604 1214 783 1256 hostium
805 1225 953 1254 contra
973 1215 1125 1264 exibat,
1138 1212 1371 1252 ‘redierunt

40 1269 92 1310 in
112 1269 254 1309 castra.
314 1271 478 1311 Postero
508 1271 576 1311 die
610 1273 831 1324 Quinctius
859 1287 992 1327 prope
1021 1271 1181 1312 flumen
1202 1280 1369 1325 praeter

40 1329 192 1368 urbem
221 1327 294 1367 sub
319 1328 426 1382 ipsas
451 1330 649 1370 Menelai
680 1330 836 1369 montis
863 1330 1024 1371 radices
1046 1329 1201 1370 ducere
1227 1328 1368 1382 copias

38 1384 261 1426 insnuctas
280 1388 427 1441 pergit.
472 1387 894 1442 primoslegionariae
914 1388 1109 1430 cohortes
1132 1387 1278 1426 ibant:
1308 1385 1368 1422 le·

38 1443 102 1484 vis
134 1454 344 1483 armatura
372 1455 411 1484 et
436 1446 593 1500 equites
623 1459 775 1501 agmen
803 1448 1022 1502 cogebant.
1092 1445 1225 1484 Nabis
1251 1442 1368 1482 intra

37 1514 207 1541 murum
226 1501 447 1543 instructos
468 1515 712 1558 paratosque
732 1503 805 1542 sub
820 1503 944 1558 signis
958 1503 1136 1544 habebat
1146 1486 1366 1542 mercena?
1385 1504 1388 1505 ’

36 1559 124 1598 rios
145 1559 319 1611 milites,
361 1561 429 1610 (in
448 1561 596 1614 quibus
619 1561 758 1602 omnis
779 1560 930 1602 fiducia
955 1561 1064 1610 erat)
1093 1572 1138 1600 ut
1166 1561 1220 1599 ab
1245 1569 1364 1612 tergo

37 1615 200 1658 hostem
222 1617 528 1673 aggrederetur.
566 1619 780 1673 postquam
811 1631 1045 1660 extremum
1072 1633 1121 1672 ag
1124 1630 1226 1657 men
1246 1628 1367 1671 prae·

37 1675 175 1725 teriit,
218 1686 306 1714 tum
327 1678 379 1715 ab
400 1676 580 1731 oppido,
612 1677 759 1717 eodem
779 1692 860 1730 quo
888 1677 1027 1732 pridie
1055 1685 1286 1730 eruperant
1303 1684 1363 1713 tu-

33 1733 185 1782 multu,
203 1733 392 1789 pluribus
401 1733 516 1774 simul
529 1735 629 1774 locis
642 1747 886 1789 erumpunt.-
906 1735 987 1790 Ap
1001 1734 1194 1775 Claudius
1207 1742 1363 1787 agmen

35 1784 231 1844 tingebat:
261 1792 332 1845 qui
351 1791 404 1831 ad
421 1792 465 1831 id
481 1821 492 1841 ,
521 1791 633 1846 quod
652 1792 838 1832 futurum
862 1804 972 1843 erat,
1012 1808 1071 1834 ne
1090 1790 1362 1846 inopinatum

34 1846 266 1898 accideret,
304 1852 558 1904 praeparatis
589 1850 756 1890 suorum
785 1852 961 1901 animis,
1003 1850 1118 1906 signa
1147 1847 1361 1902 extemplo

33 1907 266 1956 convertit,
288 1916 510 1962 totumque
538 1910 588 1948 in
615 1909 776 1948 hostem
795 1923 947 1962 agmen
968 1907 1221 1962 circumegit
1280 1906 1361 1946 lta·

32 1972 142 2017 que,
172 1964 286 2005 velut
314 1976 454 2006 rectae
482 1967 590 2006 acies
615 1967 945 2018 concurrissent,
984 1967 1136 2020 justum
1159 1965 1359 2017 aliquam-

30 2021 107 2062 di'u
127 2015 332 2081 proelium
351 2021 442 2076 fuit.
473 2023 648 2064 tandem
669 2024 846 2066 Nabidis
865 2027 1040 2066 mihtes
1029 2040 1077 2065 m
1086 2023 1225 2078 fugam
1237 2019 1360 2061 incli-

31 2080 206 2120 narunt.
246 2094 353 2135 quae
376 2081 519 2121 minus
536 2082 669 2122 infida
691 2096 739 2129 ac
759 2084 925 2153 trepida
946 2082 1096 2133 fuisset,
1127 2081 1177 2121 ni
1197 2077 1359 2120 Achaei

30 2138 219 2178 locorum
245 2137 476 2193 prudentes
497 2139 752 2180 institissent.
792 2141 841 2181 hi
865 2153 907 2182 et
936 2141 1108 2181 caedem
1134 2140 1358 2192 ingentem

30 2193 272 2246 ediderunt,
304 2207 346 2236 et
363 2195 566 2251 dispersos
586 2197 731 2252 passim
751 2197 847 2254 fuga
867 2200 1089 2255 plerosque
1110 2196 1238 2237 armis
1260 2207 1360 2239 exu-

30 2263 172 2292 erunt.
211 2253 434 2306 Quinctius
445 2255 784 2322 propeAmyclas
795 2257 930 2311 posuit
947 2256 1091 2296 castra.
1119 2253 1237 2303 inde,
1258 2265 1357 2293 cum

31 2312 329 2379 perpopulatus
351 2314 497 2352 omnia
517 2314 781 2368 circumjecta
794 2317 891 2355 urbi
911 2314 1147 2368 frequentis
1167 2323 1208 2351 et
1221 2323 1360 2351 amoe-

34 2365 86 2407 ni
107 2369 195 2420 agri
221 2369 321 2409 loca
343 2369 464 2419 esset,
499 2372 656 2411 nullo
647 2385 730 2426 μω
760 2368 941 2412 hostium
969 2383 1116 2427 porta
1108 2368 1359 2417 excedente,

32 2426 166 2464 movit
185 2425 317 2466 castra
339 2426 393 2466 ad
420 2400 580 2468 fliimen
601 2429 817 2470 Eurotam.
855 2431 961 2471 inde
991 2431 1144 2471 vallem
1173 2429 1363 2482 Taygeto

30 2479 258 2537 subjectam
281 2497 481 2542 agrosque
498 2485 554 2527 ad
574 2500 689 2527 mare
710 2498 977 2591 {ergnentes
999 2486 1165 2530 evastat.
1220 2542 1353 2583 xxxx
