1548 2703
285 98 295 102 „
357 103 361 104 γ
412 42 618 102 LxBER
649 57 795 96 xun.
858 58 970 98 cn.
1005 57 1039 97 1.
1208 96 1213 100 .
1314 60 1399 109 567

267 130 320 168 U.
334 130 395 168 C.
427 131 525 172 581.
801 142 836 166 a.
866 128 909 165 C
941 128 993 166 N.
1033 139 1123 175 171.

31 201 290 258 “praefectis
327 199 489 260 clessam
519 205 773 245 Romanarum
803 205 921 245 multa
950 209 1182 258 impotenter
1208 209 1248 246 in
1267 208 1397 261 socios

17 290 23 295 -
62 264 190 316 finta-
250 264 327 304 Res
363 275 566 316 praeterea
596 277 618 302 a
648 262 784 316 Perseo
815 277 907 318 rege
937 266 977 302 in
1015 260 1177 302 Thracia
1202 265 1395 319 prospere

68 320 189 375 gestas
219 324 411 370 continet,
440 323 552 359 victis
577 319 783 359 Dardanis
804 332 841 359 et
864 319 1048 376 Illyrico,
1078 321 1186 374 cujus
1210 333 1284 360 rex
1307 334 1395 362 erac

73 376 245 418 Gentius.
305 378 466 431 Motus,
497 379 566 427 qm·
595 380 635 415 in
662 377 855 430 Hispania
877 377 920 416 ab
945 376 1101 417 Olonico
1121 376 1258 429 filetus
1286 388 1403 425 erat,

67 435 148 489 ipso
181 438 383 475 interemto
418 433 595 490 corffedit.
658 433 721 473 M.
752 434 938 474 Aemilius
969 433 1143 488 Lepidus
1174 449 1198 475 a
1226 436 1390 489 censori-

66 492 136 532 bus
167 495 352 546 princeps
381 495 432 533 in*
443 491 580 546 senatu
609 490 739 532 lectus.

448 637 495 687 *L
529 638 549 679 I
583 639 618 681 B
653 639 689 680 E
723 639 763 681 R
831 636 990 684 XLIII.

64 762 94 801 1.
125 727 309 799 Eadem
330 759 491 810 aestate,
515 775 594 813 qua
612 761 661 800 in
673 757 1075 813 Thessaliaequestri
1094 771 1236 813 pugna
1245 758 1388 800 vicere

61 820 271 867 Romani,
309 819 484 872 legatus,
523 818 573 856 in
596 819 812 870 Illyricum
843 832 867 856 a
890 816 1060 857 consule
1083 815 1249 865 missus,
1283 830 1384 870 opu·

60 878 176 915 lenta
206 874 289 914 duo
320 873 474 928 oppida
504 876 545 915 vi
575 887 696 927 atque
725 875 850 915 armis
872 875 1005 927 coegit
1024 875 1072 913 in
1094 873 1384 925 deditionem;

61 935 286 986 omniaque
312 932 360 971 iis
384 932 455 970 sua
482 932 700 982 concessit,
729 944 773 971 ut
794 933 999 986 opinione
1021 931 1272 971 clementiae
1296 946 1381 982 eos,

58 993 129 1045 qui
156 993 417 1031 Carnuntem
456 991 663 1029 munitam
693 992 840 1029 urbem
870 990 1137 1038 incolebant,
1181 990 1381 1032 alliceret.

57 1048 273 1104 postquam
301 1061 406 1096 nec,
442 1058 486 1085 ut
509 1047 717 1087 dederent
742 1047 803 1097 se,
836 1048 1113 1101 compellere,
1145 1059 1284 1100 neque
1312 1061 1380 1086 ea-

57 1121 159 1161 pere
177 1104 408 1145 obsidendo
431 1115 617 1158 poterat3
648 1119 704 1144 ne
725 1105 884 1144 duabus
904 1105 1288 1159 oppugnationibus
1305 1119 1378 1144 ne·

58 1163 282 1217 quidquam
316 1162 505 1217 fatigatus
526 1164 646 1202 miles
674 1162 794 1212 esset,
831 1174 930 1216 quas
962 1162 1077 1216 prius
1110 1163 1284 1201 intactas
1310 1176 1381 1201 ur-

56 1224 129 1260 bes
152 1222 400 1274 reliquerat,
435 1219 619 1273 diripuit.
679 1219 799 1259 Alter
819 1218 961 1259 consul
983 1221 1027 1259 C.
1048 1218 1200 1259 Casfius
1221 1232 1304 1259 nec
1327 1220 1379 1259 in.

58 1279 216 1328 Gallia,
247 1292 368 1331 quam
396 1277 557 1317 sortitus
587 1289 696 1327 erat,
735 1277 1006 1316 memorabile
1034 1275 1262 1330 quidquam
1292 1276 1378 1330 ges-

56 1335 124 1375 fit:
168 1347 312 1388 etper
340 1336 555 1387 Illyricum
591 1335 745 1375 ducere
783 1336 968 1389 legiones
1001 1334 1050 1374 in
1078 1333 1378 1374 Macedoniam

55 1406 167 1433 vano
186 1394 354 1446 incepto
376 1392 434 1432 est
452 1403 640 1433 conatus.
701 1392 934 1446 Ingressum
957 1392 1039 1431 hoc
1058 1393 1139 1448 ite}-
1160 1392 1376 1432 consulem

54 1450 218 1490 senatus
240 1464 294 1488 ex
311 1449 642 1503 Aquilejenfium
662 1451 804 1505 legatis
824 1450 1040 1504 cognovit:
1075 1450 1166 1503 qui,
1196 1463 1377 1505 queren-

52 1519 112 1547 tes
140 1504 352 1547 'coloniam
385 1507 497 1547 suam
529 1522 682 1548 novam
713 1519 753 1547 et
780 1508 1017 1557 infirmam,
1057 1507 1242 1546 necdum
1280 1506 1374 1548 satis

0 1584 13 1590 -
51 1566 281 1613 munitam,
312 1566 425 1604 inter
444 1565 615 1606 infestas
635 1566 832 1605 nationes
851 1564 1050 1604 lsrrorum
1071 1576 1111 1604 et
1131 1565 1375 1618 Illyriorum

39 1622 157 1672 resse,
185 1637 279 1661 cum
304 1633 521 1689 peterent,
550 1635 596 1662 ut
615 1623 780 1663 senatus
799 1636 922 1662 curae
939 1622 1133 1673 haberet,
1164 1622 1373 1676 quomodo

6 1711 7 1714 η
51 1695 99 1720 ea
128 1681 293 1719 colonia
321 1681 580 1730 muniretur,
610 1681 877 1734 interrogati,
908 1681 1128 1720 vellentne
1159 1694 1250 1719 eam
1279 1695 1374 1720 rem

52 1740 95 1777 C.
111 1737 241 1776 Cassio
264 1736 423 1777 consuli
443 1738 666 1778 mandari?
696 1737 1022 1791 responderunt,
1037 1736 1372 1792 Casfium,Aqui-

51 1796 175 1849 lejam
198 1796 358 1834 indicto
379 1798 583 1846 exercitu,
619 1794 855 1850 profectum
877 1808 955 1849 per
975 1796 1191 1848 Illyricum
1217 1796 1266 1835 in
1285 1797 1372 1836 Ma-

50 1852 272 1892 cedoniam
295 1852 389 1892 esse.
429 1855 488 1894 Ea
508 1867 574 1894 res
592 1856 729 1908 primo
748 1852 1010 1894 incredibilis
1032 1853 1136 1893 visa:
1168 1864 1208 1893 et
1226 1868 1304 1907 pro
1327 1852 1370 1893 so

50 1912 220 1964 quisque
251 1909 445 1961 eredere,
475 1912 624 1953 Carnis
653 1910 826 1951 forfitan
857 1921 925 1949 aut
953 1910 1064 1950 [stris
1097 1912 1253 1950 bellum
1282 1911 1370 1950 illa-

51 1978 151 2010 tum.
210 1969 321 2014 Tum
350 1967 660 2023 Aquileienses,-
695 1969 806 2008 nihil
836 1967 877 2008 se
906 1969 1012 2007 ultra
1037 1967 1162 2018 scire,
1191 1982 1273 2007 nec
1301 1982 1370 2008 au-

6 2034 9 2035 ’
49 2024 151 2064 dere
173 2023 406 2076 affirmare,
443 2042 566 2082 quam
585 2028 757 2082 triginta
778 2025 940 2066 dierum
961 2024 1220 2066 frumentum
1243 2025 1368 2066 militi

50 2082 219 2132 datum3
255 2093 295 2122 et
325 2082 472 2134 duces,
511 2086 582 2139 qui
604 2100 656 2125 ex
677 2085 794 2123 Italia
817 2084 970 2123 itinera
995 2085 1043 2123 in
1072 2083 1367 2124 Macedoniam

50 2139 232 2190 nossent,
264 2142 512 2195 conquisitos
532 2142 824 2195 abductosque.
863 2142 1096 2181 Enimvero
1116 2141 1282 2182 senatus
1300 2143 1367 2182 in-

51 2196 236 2249 dignari,
267 2209 431 2239 tantum
460 2200 674 2240 consulem
703 2199 867 2249 ausum,
900 2209 946 2238 ut
966 2198 1078 2238 suam
1102 2200 1367 2252 provinciam

50 2256 367 2308 relinqueret‚'
356 2273 406 2298 111
423 2259 606 2298 alienam
623 2258 844 2299 transiret:
874 2258 1102 2296 exereitum
1124 2271 1237 2299 novo
1257 2258 1367 2312 peri-

50 2311 187 2351 culoso
212 2314 366 2354 itinere
385 2317 499 2355 inter
521 2328 680 2356 exteras
702 2326 850 2369 gentes
870 2313 1054 2364 duceret,
1085 2315 1195 2355 viam
1214 2326 1272 2354 tot
1291 2328 1366 2354 na-

51 2370 261 2409 tionibus·
250 2385 299 2409 m
319 2373 478 2413 Italiam
498 2375 691 2428 aperiret.
749 2373 1006 2411 Decernunt
1024 2371 1291 2426 frequentes,
1319 2383 1365 2411 ut

51 2428 94 2465 C.
116 2427 317 2480 Sulpicius
337 2439 506 2485 praetor·
531 2443 616 2473 tres
636 2439 689 2471 ex·
707 2429 855 2538 senat4u
875 2430 1072 2473 nominet
1089 2432 1241 2484 legatos
1253 2460 1266 2481 ,
1294 2432 1365 2485 qui

693 2490 734 2529 N
752 2501 784 2527 n
1313 2501 1364 2527 eo
