1548 2703
91 87 176 116 210
207 68 379 111 LIBER
409 70 573 112 XXXV.
634 71 746 111 Car.
767 68 1433 115 xxxvl.XXXV11.xxxvl11.

383 142 434 181 U.
461 144 504 180 C.
531 143 628 188 560.
867 156 904 180 a.
925 140 969 180 C.
992 142 1044 180 N.
1077 155 1168 196 ¹92·

99 207 319 263 {runcann
380 220 520 261 Aetoli
549 220 661 260 circa
683 221 964 260 Chalcioecon
993 221 1236 270 <Minervae
1258 218 1317 260 est
1338 230 1440 262 tem-

104 281 224 335 plum
243 279 436 328 aereum)
452 279 696 332 congregati
717 277 966 318 caeduntur.
1025 279 1309 327 Pauci‚xarmis
1330 279 1440 331 abje-

71 336 79 349 ’
106 339 208 385 ctis,
236 350 333 391 pars
355 337 561 390 Tegeam,
595 349 690 389 pars
723 336 1018 390 Megalopolim
1049 334 1306 389 perfugiunt.
1364 334 1439 384 ibi,

78 412 82 415 ¹
107 393 403 449 comprehensi
425 408 448 433 a
469 392 796 448 magistratibus,
839 392 914 432 sub
935 405 1094 432 corona
1115 393 1357 433 venierunt.

224 508 432 548 XXXVII.
490 508 805 562 Philopoemen,
827 506 967 547 audita
987 505 1115 547 caede
1135 505 1327 560 tyranni,
1347 518 1443 560 pro·
1497 537 1501 543 ,

110 566 242 608 fectus
261 563 638 614 Lacedaemonem,
660 579 758 605 cum
778 565 923 604 omnia
941 568 1107 604 turbata
1126 575 1240 604 metu
1259 561 1445 604 invenis·

110 625 193 665 set:
225 623 402 663 evocatis
421 624 706 677 principibus,
739 633 779 660 et
801 623 992 662 oratione
1011 623 1176 671 habita,
1207 621 1342 676 qualis
1371 620 1446 660 ha·

111 680 257 723 benda
276 683 327 720 ab
345 679 521 720 Alexam
530 694 612 720 eno
635 678 795 728 fuerat,
825 678 1007 718 societati
1029 679 1294 720 Achaeorum
1321 679 1446 717 Lace÷

113 739 364 779 daemonios
396 737 613 790 adjunxit:
655 751 704 776 eo
734 738 860 776 etiam
888 735 1075 788 facilius,
1115 735 1225 792 quod
1254 733 1364 775 forte
1390 731 1448 773 ad

113 796 232 838 idem
259 794 506 849 tempus⁴A.
536 793 688 834 Atilius
718 808 814 834 cum
851 804 1028 848 quatuor
1067 805 1109 836 et
1145 793 1296 848 viginti
1323 792 1447 847 quin·

51 901 60 907 N
116 854 388 908 queremibus
415 851 468 891 ad
508 852 713 905 Gythium
740 850 914 894 accessit.
974 853 1129 893 Iisdem
1161 850 1308 891 diebus
1332 850 1447 890 circa

119 910 548 960 ChalcidemThoas.
577 924 653 964 per
671 908 973 962 Euthymidam
991 911 1229 964 principem
1242 937 1254 958 ,
1279 906 1471 962 pulsumL

118 971 267 1022 opibus
298 982 470 1016 eorum,
528 967 600 1020 qui
627 968 848 1007 Romanae
884 965 1086 1008 societatis
1117 976 1240 1007 erant
1275 963 1365 1021 post
1393 965 1445 1003 T.

122 1026 314 1078 Quinctii
342 1026 655 1079 legatorumque
685 1023 937 1074 adventum,
987 1036 1028 1065 et
1061 1024 1330 1066 Herodorum
1360 1023 1451 1062 Cia·

121 1098 228 1124 num
247 1094 547 1132 mercatorem,
578 1080 648 1122 [ed
670 1092 888 1135 potentem
919 1083 1119 1122 Chalcide
1146 1091 1318 1136 propter
1345 1079 1450 1118 divi-

121 1142 214 1190 tias,
248 1141 505 1195 praeparatis
527 1136 578 1179 ad
603 1138 888 1193 proditionem
909 1140 972 1188 iis,
1002 1141 1073 1194 qui
1092 1137 1372 1191 Euthymidae
1393 1134 1452 1176 sa·
1475 1181 1478 1186 ,

122 1200 276 1241 ctiouis
299 1210 436 1247 erant,
458 1210 731 1250 nequaquam,
745 1196 925 1237 eandem
945 1196 1176 1246 fortunam,
1197 1209 1279 1250 qua
1295 1196 1452 1234 Deme·

123 1257 224 1297 trias
258 1270 333 1309 per
364 1255 653 1307 Eurylochum
684 1265 885 1308 occupata
914 1266 1024 1305 erat,
1075 1255 1233 1294 habuit.
1293 1252 1452 1304 Euthy-

125 1313 260 1353 midas
283 1315 334 1351 ab
350 1312 531 1352 Athenis
551 1313 666 1363 (eum
688 1311 899 1351 domicilio
929 1312 1139 1365 delegerat
1161 1308 1323 1360 locum)
1342 1310 1453 1348 The·

123 1373 197 1412 bas
229 1372 438 1425 primum,
484 1370 588 1408 hinc
626 1370 825 1423 Salganea
864 1369 1081 1424 proceslit3
1128 1368 1369 1418 Herodorus
1399 1364 1454 1405 ad

123 1429 380 1468 Thronium.
441 1427 548 1466 inde
571 1426 685 1466 haud
710 1428 854 1481 procul
874 1429 922 1466 in
943 1428 1119 1467 Maliaco
1142 1426 1234 1466 [inu
1254 1424 1337 1465 duo
1360 1424 1451 1463 mil-

125 1487 183 1526 lia
206 1485 394 1540 peditum
415 1486 555 1525 Thoas
577 1495 617 1524 et
637 1484 842 1524 ducentos
873 1485 1055 1537 equites,
1096 1485 1312 1523 onerarias
1338 1483 1452 1522 leves

125 1543 180 1583 ad
198 1544 369 1598 triginta
389 1543 602 1583 habebar(
640 1556 708 1582 eas
735 1556 830 1580 cum
859 1541 1064 1581 sexcentis
1093 1542 1301 1596 peditibus
1321 1541 1452 1579 Hero·

125 1601 256 1641 dorus·
290 1602 482 1653 trajicere
512 1601 560 1639 in
595 1599 774 1639 insulam
800 1600 1046 1639 Atalantam
1074 1599 1219 1652 jussus:
1259 1608 1304 1637 ut
1331 1595 1451 1646 inde,

126 1673 221 1697 cum
253 1657 464 1712 pedestres
502 1659 640 1711 copias
678 1659 1017 1711 appropinquare
1046 1657 1126 1711 jam
1154 1655 1301 1696 Aulidi
1327 1665 1452 1708 atque

123 1715 285 1770 Euripo
307 1715 508 1765 sensisset,
544 1722 559 1754 ί,
578 1714 787 1754 halcidem
817 1715 1036 1766 trajiceret.
1079 1713 1167 1768 ipse
1196 1723 1352 1753 ceteras
1384 1725 1449 1750 co-

123 1775 214 1826 pias
228 1803 238 1822 ,
266 1774 484 1812 nocturnis
504 1774 683 1811 maxime
704 1772 950 1823 itineribus,
982 1783 1139 1826 quanta
1159 1781 1325 1826 poterat
1343 1769 1450 1810 cele·

125 1832 268 1880 ritate,
300 1830 545 1870 Chalcidem
565 1831 754 1870 ducebat.

235 1946 462 1986 XXXVIII.
522 1945 666 1984 Mictio
696 1957 737 1984 et
768 1943 1042 1993 Xenoclides,
1071 1953 1331 1998 penesquos
1359 1951 1450 1980 tum

124 2002 282 2041 summa
303 2017 460 2052 rerum,
491 2001 608 2056 pulso
628 2001 895 2055 Euthymida,
930 2001 1131 2041 Chalcide
1155 2011 1259 2048 erat,
1284 1999 1353 2039 seu
1372 1997 1449 2052 ipfi

122 2074 199 2115 per
229 2060 270 2099 se
303 2059 515 2114 suspicati,
555 2059 623 2098 seu
645 2060 830 2100 indicata
859 2073 929 2108 re,
970 2060 1108 2113 primo
1136 2054 1302 2112 pavidi,
1336 2055 1448 2096 nihil

121 2132 294 2170 usquam
315 2117 415 2171 spei,
446 2117 594 2156 nili-in
612 2116 723 2172 fuga,
755 2120 984 2171 ponebant.
1027 2116 1200 2163 deinde,
1227 2113 1447 2168 postquam

120 2175 450 2224 resedit-terror,
476 2186 517 2214 et
537 2175 657 2228 prodi
680 2186 719 2214 et
740 2174 874 2215 deseri
897 2188 988 2213 non
1011 2175 1190 2227 patriam
1211 2171 1352 2220 modo,
1374 2169 1448 2210 sed

120 2234 243 2272 etiam
277 2234 330 2272 R<
347 2246 569 2271 manorum
601 2232 860 2282 societatem,
890 2234 1148 2280 cernebant,
1179 2229 1349 2271 conlilio
1374 2228 1449 2271 tali

119 2289 308 2328 animum
337 2290 595 2341 adjecerunt.
667 2291 836 2330 Sacrum
873 2288 1209 2328 anniversarium
1248 2301 1298 2326 eo
1326 2282 1447 2325 forte

116 2357 306 2401 tempore
330 2346 520 2387 Eretriae
541 2346 866 2400 Amarynthidis
887 2346 1057 2385 Dianae
1077 2355 1186 2384 erat:
1220 2343 1331 2397 quod
1352 2357 1448 2383 non

115 2405 379 2457 popularium
406 2405 551 2454 modo,
581 2404 653 2443 sed
674 2404 956 2457 Carystiorum
976 2405 1099 2443 etiam
1122 2413 1242 2442 coetu
1263 2402 1446 2443 celebra-

114 2473 193 2500 tur.
233 2462 295 2501 Eo
316 2462 536 2512 miserunt,
568 2463 640 2516 qui
663 2473 838 2502 orarent
854 2460 1116 2505 Eretrienses
1139 2458 1444 2513 Carystiosque‚

1388 2514 1441 2554 Ut
