1548 2703
211 79 252 136 ,L
283 76 366 129 ΓΒ
395 84 431 128 Ε
455 77 502 127 'R
540 73 688 130 xxxi.
706 71 864 128 '‘ci'r.
888 59 1074 126 xxxwss
1093 72 1257 121 xxxv.
1361 86 1414 130 ει

81 143 631 200 ’μ’-[π.
717 208 720 209 ⁷
809 166 843 190 a.
867 152 908 190 C.
932 152 985 189 N.
1009 163 1105 190 200.

884 203 1417 216 ————-··---—--——·z

83 239 382 296 peliendorum
403 249 545 274 curam
570 231 790 281 habuisset,
813 230 959 270 afferri
980 244 1049 270 eos
1070 231 1118 282 in
1140 229 1271 269 castra
1292 227 1419 281 jussit,

83 309 130 338 ut
159 295 472 350 conspiceretur
493 294 544 330 ab
566 291 763 330 omnibus
787 288 960 342 funerisu
971 288 1123 327 honos.
1184 287 1304 327 Nihil
1332 298 1420 326 tam

85 357 299 397 incertum
319 366 401 391 nec
420 361 503 388 tam
523 347 827 389 inaestimabile
856 346 937 395 est,
967 360 1092 399 quam
1121 345 1254 384 animi
1281 345 1420 384 multi-

85 411 262 453 tudinis.
303 408 416 464 quod
439 409 687 460 promtiores
720 403 772 447 ad
799 403 1061 443 subeundam
1093 417 1268 442 omnem
1299 402 1424 441 dimi-

87 459 298 510 cationem
328 465 547 507 videbatur
579 463 810 512 facturum,
858 461 904 500 id
933 471 1090 500 metum
1123 461 1423 514 pigritiamque

86 525 277 568 incussit:
308 537 408 563 nam
427 552 436 569 ,
473 523 542 575 qui
564 521 689 560 hastis
710 519 944 573 sagittisque
968 529 1007 558 et
1030 531 1126 557 rara
1147 518 1306 557 lanceis
1335 518 1424 557 vul-

88 597 197 625 nera
216 581 323 620 facta
343 577 556 625 vidissent,
582 593 677 617 cum
701 577 876 616 Graecis
897 576 1134 629 Illyriisque
1155 589 1347 629 pugnare
1364 574 1425 614 aL

89 640 218 688 sueti,
249 637 464 692 postquam
490 635 627 690 gladio
663 633 931 688 Hispaniensi
964 632 1214 672 detruncata
1244 647 1424 687 corpora

90 697 274 739 brachiis
295 693 468 743 abscisis,
490 705 558 732 aut
578 704 662 731 tota
682 691 844 731 cervice
864 689 1027 730 desecta
1049 690 1179 731 divisa
1200 705 1224 730 a
1244 705 1425 745 corpore

91 756 249 810 capita,
279 752 548 807 patentiaque
569 750 748 798 viscera,
779 749 818 788 e't
845 747 1089 788 foeditatem
1116 748 1243 787 aliam
1277 750 1426 789 vulne-

92 827 190 853 rum
218 811 438 859 viderunt,
499 807 693 848 adversus
737 820 843 860 quae
882 808 964 845 tela
1000 819 1186 860 quosque,
1214 807 1322 846 viros
1350 822 1426 861 pu-

92 856 313 926 gnandum
338 866 458 916 esset,
486 865 629 921 pavidi
649 865 770 918 vulgo
789 867 1036 903 cernebant.
1098 863 1239 918 Ipsum
1260 879 1428 918 quoque

93 941 237 981 regem
260 937 399 965 terror
420 926 544 979 cepit,
575 922 772 962 nondum
797 921 898 974 justo
921 923 1082 976 proelio
1102 937 1196 961 cum
1218 924 1426 964 Romanis

94 983 372 1037 congressum.
429 983 591 1035 itaque,
618 989 812 1021 revocato
839 980 925 1018 filio
956 979 1243 1034 praesidioque
1260 1011 1271 1030 ,
1313 979 1429 1035 quod.

94 1043 144 1082 in
178 1041 424 1095 Pelagoniae
453 1040 639 1079 saucibus
668 1049 779 1086 erat,
821 1047 864 1076 ut
883 1038 934 1077 iis
963 1038 1094 1092 copiis
1123 1037 1211 1077 suas
1242 1050 1426 1094 augeret,
1486 1050 1489 1051 ’

96 1101 288 1140 Pleurato
301 1096 601 1150 Dardanisque
623 1097 759 1135 iterin
769 1094 1062 1135 Macedoniam
1076 1094 1284 1150 patefecit.
1319 1097 1425 1153 Ipse,

97 1172 194 1198 cum
224 1156 371 1211 viginti
402 1156 585 1195 millibus
615 1154 829 1208 peditum,
871 1165 1047 1209 quatuor
1071 1156 1279 1210 equitum,
1314 1156 1428 1196 duci-

98 1217 175 1256 bus
210 1212 460 1264 transfugis,
509 1212 560 1252 ad
601 1211 761 1251 hostem
792 1212 1025 1267 profectus,
1075 1215 1199 1268 paulo
1230 1215 1323 1269 plus
1354 1213 1431 1254 du.

99 1283 244 1312 centos
274 1270 409 1325 passus
440 1285 469 1308 a
494 1269 635 1310 castris
663 1271 870 1310 Romanis
905 1273 1109 1311 tumulum
1139 1273 1431 1326 propinquum

99 1329 262 1372 Athaco
283 1326 384 1367 fossa
405 1342 452 1366 ac
470 1329 578 1367 vallo
598 1329 898 1367 communivit:
925 1343 995 1379 ac,
1031 1330 1212 1382 subjecta
1243 1344 1431 1370 cernens

101 1389 300 1428 Romana
321 1383 464 1434 castra,
486 1385 713 1425 admiratus
737 1385 819 1425 esse
842 1385 996 1425 dicitur
1019 1398 1059 1426 et
1079 1387 1319 1428 universam
1343 1387 1432 1443 spe-

101 1446 208 1485 ciem
231 1442 472 1491 castrorum,
505 1455 545 1483 et
562 1442 767 1497 descripta
788 1443 869 1484 suis
889 1459 1076 1499 quaeque
1098 1446 1285 1498 partibus
1300 1475 1311 1495 ,
1340 1456 1431 1485 tum

101 1502 372 1542 tendentium
394 1500 560 1550 ordine,
583 1512 670 1540 tum
691 1502 894 1540 itinerum
914 1503 1173 1545 intervallis3
1197 1514 1236 1542 et
1247 1504 1432 1558 negasse,

103 1561 378 1600 barbarorum
413 1573 461 1598 ea
484 1558 616 1598 castra
637 1559 711 1598 ulli
739 1558 876 1598 videri
898 1560 1024 1613 posse.
1082 1560 1262 1600 Biduum
1285 1561 1432 1602 consul

105 1629 152 1668 et-
167 1632 268 1665 rex,
299 1617 404 1655 alter
435 1617 605 1656 alterius
629 1627 802 1655 conatus
830 1616 1140 1670 exspectantes,
1181 1619 1436 1658 continuere

105 1675 197 1715 suos
218 1676 332 1714 intra
352 1675 531 1714 vallum:
566 1675 688 1714 tertio
718 1672 787 1714 die
805 1675 1026 1716 Romanus
1054 1689 1204 1715 omnes
1225 1677 1363 1731 copias
1386 1679 1435 1717 in

106 1733 239 1773 aciem
257 1731 414 1772 eduxit.

211 1847 374 1888 XXXV.
435 1847 530 1887 Rex
548 1861 663 1897 vem,
686 1857 771 1886 tam
791 1849 975 1888 celerem
994 1849 1128 1888 aleam
1148 1849 1327 1890 universi
1350 1865 1438 1890 cer-

110 1904 281 1944 taminis
313 1906 491 1954 timens,
533 1904 864 1958 quadringentos
895 1906 1059 1946 Tralles
1088 1908 1353 1960 (sllsscriorum
1376 1909 1437 1957 id,

110 1960 212 2001 ficut
233 1963 314 2001 alio
335 1962 515 2002 diximus
535 1964 648 2011 loco,
691 1963 749 2002 est
775 1963 929 2016 genus)
960 1975 999 2002 et
1034 1965 1254 2005 Cretenses
1274 1977 1441 2006 trecen·

110 2029 196 2068 tos,
252 2019 396 2059 addito
434 2021 485 2059 iis
513 2019 724 2074 peditibus
755 2021 848 2074 pari
877 2035 1057 2060 numero
1088 2024 1296 2075 equitum,
1344 2039 1442 2063 cum

111 2075 219 2115 duce
237 2075 522 2131 Athenagora,
548 2091 635 2116 uno
660 2091 713 2117 ex
734 2079 988 2132 purpuratis,
1018 2079 1071 2118 ad
1091 2079 1350 2122 lacessendos
1369 2083 1442 2120 ho—

113 2132 235 2172 stium
266 2135 422 2187 equites
452 2134 572 2174 mifit.
633 2133 701 2174 Ab
725 2136 931 2176 Romanis
960 2147 1100 2176 autem
1138 2140 1304 2190 (aberat
1334 2141 1444 2178 acies

113 2205 262 2235 eorum
288 2194 413 2244 paulo
443 2193 536 2246 plus
562 2193 820 2246 quingentos
842 2192 1002 2248 passus)
1027 2195 1171 2235 velites
1193 2207 1234 2236 et
1254 2198 1445 2251 equitum

113 2247 221 2287 duae
234 2248 369 2288 ferme
388 2251 476 2289 alae
497 2249 689 2289 emissae:
715 2261 759 2288 ut
769 2264 950 2290 numero
959 2266 1124 2306 quoque
1139 2266 1278 2309 eques,
1297 2254 1447 2309 pedes·-

114 2319 195 2358 que
213 2305 375 2345 hostem
396 2318 638 2361 aequarent.
697 2307 927 2348 Credidere
950 2310 1078 2363 regii,
1108 2324 1240 2364 genus
1262 2326 1448 2367 pugnae,

115 2376 197 2414 quo
228 2363 458 2413 assuerant,
504 2363 622 2415 sore3
663 2375 707 2403 ut
738 2366 921 2418 equites,
958 2368 1148 2407 invicem
1176 2369 1447 2424 insequentes

116 2418 475 2474 refugientesque,
515 2436 635 2461 nunc
665 2423 759 2462 telis
790 2434 1033 2474 uterentur,
1079 2439 1201 2467 nunc
1231 2438 1347 2483 terga
1378 2426 1448 2466 da-

114 2486 237 2528 rent;
263 2478 505 2530 lllyriorum
526 2479 721 2520 velocitas
741 2479 795 2520 ad
807 2480 1073 2524 excursiones
1094 2493 1135 2525 et
1155 2485 1336 2539 impetus
1355 2482 1449 2523 sub·

1366 2544 1444 2581 ime
