1548 2703
154 49 364 89 LIBER
405 48 637 88 XXXVIII.
697 49 765 88 CA
780 63 813 88 r.
837 47 944 88 LVI.
965 48 1091 87 LVII.
1118 46 1266 86 LVIII.
1324 39 1412 94 37¹5

266 159 274 172 ,θ
360 120 409 157 U.
433 120 477 157 C.
502 118 596 165 565.
826 133 862 157 a.
884 119 923 155 C.
954 118 1132 165 'N-*187-

80 200 120 240 ei
141 208 300 239 veteres
328 196 473 236 laudes
499 197 804 236 moderationis
835 207 876 236 et
909 197 1216 251 temperantiae
1245 208 1325 248 pro
1345 205 1411 231 re-

77 255 361 311 prehensione
374 254 585 308 praesenti
596 254 758 301 reddat.
791 253 1038 307 Castigatum
1062 255 1179 293 enim
1191 249 1410 306 quondam

77 316 130 355 ab
152 328 201 353 eo
222 314 424 367 populum
439 342 450 360 ,
484 313 565 361 ait,
598 312 711 365 quod
737 326 831 350 eum
857 323 1105 365 perpetuum
1127 310 1345 349 consulem
1369 317 1412 346 et

77 371 321 411 dictatorem
344 371 469 410 vellet
489 368 642 409 facere.
670 368 929 424 prohibuisse
953 368 1102 408 statuas
1124 367 1198 408 fibi
1218 367 1266 405 in
1284 365 1410 404 comi-

76 430 157 477 tio,
191 430 240 468 in
271 427 454 474 Rostris,
497 428 546 466 in
575 428 714 476 curia,
749 428 798 466 in
822 427 1052 481 Capitolio,
1093 427 1142 465 in
1169 425 1273 464 cella
1295 422 1409 463 Jovis

74 487 193 542 poni.
225 484 497 540 prohibuisse,
532 498 590 524 ne
610 484 929 533 decerneretur,
950 495 994 522 ut
1014 486 1150 538 imago
1171 482 1242 520 sua
1264 481 1410 520 trium-

74 544 193 599 phali
217 554 377 598 ornatu·
391 557 412 582 e
433 543 591 597 templo
614 543 726 584 Jovis
754 543 904 596 optimi
925 543 1100 582 maximi
1119 540 1267 591 exiret.

186 659 316 698 LVII.
378 658 515 706 Haec,
558 659 622 697 vel
651 658 700 697 in
733 657 976 698 laudatione
1004 657 1157 712 posita,
1186 656 1411 709 ingentem

75 713 412 768 magnitudinem
433 716 565 762 animi
585 716 861 756 moderandis
883 716 937 755 ad
957 717 1124 755 civilem
1136 714 1325 754 habitum
1337 711 1411 750 ho-

74 771 584 825 mribusxfignifiearent,
616 788 723 827 quae
758 773 1060 828 exprobrando
1087 772 1286 812 inimicus
1308 767 1411 808 fate·

73 843 154 870 tur.
216 831 323 869 Huic
345 831 541 870 Graccho
565 832 775 870 minorem
798 846 850 871 ex
879 831 1038 871 duabus
1066 831 1160 870 filiis
1183 829 1304 878 (nam
1330 840 1411 866 ma-

71 889 138 943 jor
159 890 197 927 P.
224 888 424 928 Cornelio
439 887 609 927 Nasicae
628 889 743 929 haud
763 889 890 929 dubie
913 900 1067 944 apatre
1088 888 1288 927 collocata
1299 884 1410 933 erat)

69 957 252 1000 nuptam
271 944 392 984 fuisse
406 946 620 999 convenit.
662 947 773 986 Illud
793 960 944 1001 parum
964 945 1139 995 constat,
1162 956 1303 984 utrtun
1319 940 1410 996 post

67 1014 249 1043 mortem
269 1003 397 1057 patris
420 1014 461 1042 et
486 1003 692 1057 desponsa
709 1004 768 1054 Iit,
794 1015 835 1043 et
855 1004 1064 1058 nupserit:
1088 1017 1145 1042 an
1167 1016 1292 1042 verae
1311 1001 1411 1039 illae

29 1080 31 1082 ·
69 1060 296 1115 opiniones
319 1060 415 1109 fint,
439 1061 708 1111 Gracchum,
727 1077 825 1101 cum
848 1064 892 1101 L.
916 1061 1054 1115 Scipio
1075 1062 1123 1100 in
1144 1060 1316 1099 vincula
1336 1057 1410 1096 du-

70 1129 260 1166 ceretur,
296 1131 379 1158 nec
399 1119 615 1171 quisquam
636 1120 892 1173 collegarum
917 1120 1071 1158 auxilio
1098 1116 1212 1167 esset,
1243 1113 1409 1170 jurasse,

72 1174 159 1215 Sibi
186 1177 412 1215 inimicitias
442 1189 523 1214 cum
558 1177 827 1230 Scipionibus,
875 1190 972 1229 quae
990 1174 1190 1228 fuissent,
1228 1172 1421 1218 maneres

69 1246 136 1271 nec
155 1232 200 1287 se
225 1234 377 1287 gmtiae
408 1234 648 1285 quaerendae
687 1234 794 1288 causa
834 1233 1044 1287 quidquam
1063 1231 1215 1285 ficere.
1267 1229 1340 1283 secl
1370 1231 1411 1269 in

67 1301 180 1344 quem
208 1302 397 1327 carcerem
433 1303 545 1344 reges
576 1305 614 1330 et
644 1293 906 1346 imperatore-s
938 1288 1101 1340 hostium
1132 1289 1330 1329 ducentem
1349 1289 1409 1327 vi·
1435 1328 1439 1337 ¹

69 1345 182 1398 differ
205 1344 250 1386 P.
276 1345 530 1397 Africanum,
577 1351 618 1388 in
640 1361 724 1388 eum
747 1349 790 1404 se
804 1347 982 1401 fratrem
1000 1349 1081 1402 eJ'us
1109 1346 1202 1399 duci
1223 1359 1298 1386 non
1325 1346 1410 1399 pas·

55 1403 214 1459 surum.
274 1403 502 1455 Senatum,
535 1420 585 1445 eo
615 1406 684 1446 die
708 1405 818 1445 forte
839 1417 1094 1446 coenantem
1117 1406 1167 1445 in
1187 1405 1409 1458 Capitolio,

65 1459 397 1509 consurrexisse,
429 1473 469 1501 et
489 1462 634 1516 petisse
648 1494 660 1514 ,
691 1465 870 1504 utqinter
891 1465 1034 1517 epulas
1058 1462 1256 1504 Graccho
1277 1462 1408 1501 filiam

65 1517 296 1559 Africanus
324 1517 620 1572 desponderet.
681 1523 829 1575 quibus
861 1522 919 1561 ita
940 1521 1055 1560 inter
1080 1520 1299 1575 publicum
1331 1519 1410 1559 sol-

66 1576 214 1615 lemne
236 1575 496 1629 sponsalibus
519 1580 598 1618 rite
617 1578 758 1629 factis,
790 1593 886 1618 cum
913 1578 954 1617 se
977 1578 1150 1618 domum
1173 1576 1404 1631 recepisset,

67 1633 309 1691 Scipionem
329 1632 539 1676 Aemiliae
562 1637 686 1676 uxori
708 1636 873 1686 dixisse,
894 1636 1020 1675 filiam
1042 1635 1085 1676 se
1098 1636 1310 1674 minorem
1335 1634 1405 1673 de-

64 1689 292 1745 spondisse.
354 1705 449 1730 cum
481 1693 575 1744 illa,
607 1695 871 1734 muliebriter
899 1692 1251 1747 indignabunda,
1290 1692 1404 1732 nihil

64 1747 121 1788 de
144 1748 363 1787 communi
383 1749 466 1788 filia
487 1750 626 1791 secum
649 1751 942 1799 consultatum,
978 1750 1202 1803 adjecisset,
1235 1763 1342 1800 non,
1374 1747 1405 1789 fi

65 1806 134 1845 Ti.
162 1805 358 1845 Graccho
380 1805 520 1857 daret,
562 1820 780 1862 expertem
811 1808 974 1849 confilii
1003 1807 1190 1849 debuisse
1221 1818 1402 1847 matrem

65 1861 175 1911 esse;
212 1863 368 1902 laetum
400 1864 642 1918 Scipionem
668 1878 754 1906 tam
778 1866 983 1907 concordi
1007 1867 1188 1919 judicio,
1228 1865 1304 1919 ipfi
1331 1863 1403 1904 de-

0 1928 9 1934 ‘
62 1918 258 1974 sponsam
279 1920 550 1974 respondisse.
588 1923 693 1964 haec
714 1924 768 1964 de
788 1936 906 1964 tanto
926 1925 1017 1965 viro
1030 1954 1042 1974 ,
1080 1937 1325 1979 quanquam
1351 1922 1402 1962 in

63 1976 364 2032 opinionibus,
397 1989 440 2019 et
457 1983 753 2025 monumentis
774 1984 995 2023 literarum
1026 1984 1265 2033 variarent,
1305 1993 1401 2035 pre·

61 2034 270 2091 ponenda
291 2045 429 2076 erant.

89 2195 92 2198 ¹
177 2148 330 2190 LVIII.
393 2150 563 2196 Judiciis
593 2168 618 2193 a
648 2155 700 2206 Q.
727 2154 935 2194 Terentio
964 2164 1160 2208 praetore
1188 2151 1400 2209 perfectis,

65 2204 264 2247 Hostilius
285 2217 327 2246 et
349 2207 498 2250 Furius
511 2211 716 2263 damnati,
740 2212 916 2266 praedes
927 2212 1077 2251 eodem
1092 2211 1162 2252 die
1174 2210 1399 2267 quaestori-

46 2311 47 2315 *
65 2262 142 2301 bus
162 2265 335 2304 urbanis
347 2263 572 2309 dederunt.
608 2270 761 2323 Scipio,
777 2284 873 2308 cum
889 2269 1187 2320 contenderet,
1198 2283 1400 2320 omnem,

65 2327 190 2384 quam
227 2321 469 2376 accepisset,
514 2328 742 2380 pecuniam
788 2328 839 2367 in
879 2327 1045 2367 aerario
1085 2326 1194 2378 esse,
1245 2341 1330 2368 neo
1356 2325 1401 2367 se

64 2375 294 2444 qu¹dffl¹ffm
319 2382 476 2433 publici
505 2384 686 2436 habere,
733 2386 782 2424 in
814 2384 984 2424 vincula
1004 2384 1102 2425 duci
1129 2382 1189 2424 est
1213 2394 1399 2439 coeptus.

52 2433 109 2495 ¹P·
140 2433 285 2491 Sclpto
303 2437 450 2497 Neliea
479 2442 951 2498 tribunos-appellavit;
980 2443 1301 2498 orationemque
1330 2440 1402 2480 ha·

218 2501 223 2504 ”
779 2497 856 2539 Aa
882 2499 914 2551 4
1195 2541 1198 2543 ,
1312 2499 1402 2540 buit
