1548 2703
224 80 432 143 Li'BER
455 80 584 141 xiv.
648 101 759 140 en.
794 77 982 141 xxvm.
1015 101 1162 141 xxix.
1309 101 1392 153 659

254 173 305 211 U.
339 174 382 210 C.
409 176 506 216 585.
787 184 823 207 a.
853 171 897 208 C.
931 172 982 209 N.
1022 174 1111 220 167.

51 254 210 292 ‘milites
233 252 468 300 Romanos,
497 249 637 288 missos
657 263 680 287 a
700 250 856 287 Baebio
877 249 1090 302 praeside,
1118 251 1390 301 interfectos;
1432 275 1437 281 ·

54 310 155 349 alios
178 309 227 347 in
247 307 437 348 exsilium
466 318 576 346 actos
603 305 706 345 esse:
742 308 939 361 bonaque
962 321 1132 357 eorum,
1165 310 1237 362 qui
1257 309 1388 348 inter·

53 359 154 406 secti
175 364 322 415 essent,
357 376 399 405 et
419 365 605 405 exsulum
627 362 848 416 possidere,
881 366 952 417 qui
974 368 1218 418 arguebant.
1266 366 1387 407 Juffis

53 424 350 478 Amphipolim
368 421 527 472 adesse,
563 420 672 476 ipse,
708 432 923 461 convento
943 423 1020 461 Cn.
1037 424 1211 463 Octavio
1229 424 1388 464 Deme-

55 481 215 531 triade,
251 474 468 535 postquam
500 479 611 519 fama
640 478 812 527 accidit,
846 479 1051 532 trajecisse
1074 483 1156 534 jam
1179 496 1295 521 mare
1318 482 1387 522 de·

55 554 149 580 cem
172 540 346 593 legatos,
377 539 574 578 omnibus
600 538 691 575 aliis
721 533 897 585 ominis,
927 535 1201 591 Apolioniam
1231 538 1287 578 ad
1317 555 1387 580 eos

55 597 204 653 pergit.
240 612 322 650 quo
342 610 436 635 cum
459 594 627 635 Perseus
650 595 816 634 obviam
837 594 1084 649 Amphipoli
1107 598 1236 636 nimis
1260 596 1388 637 soluta.

56 653 239 695 custodia
264 653 537 708 processisset,
567 651 640 704 (id
662 651 747 691 diei
766 653 846 692 iter
867 651 949 701 est)
975 653 1108 706 ipsum
1127 654 1297 707 quidem
1317 659 1386 695 be-

54 713 189 766 nigne
218 712 417 751 allocutus
451 711 529 750 est:
579 720 787 758 ceterum,
835 709 1051 764 postquam
1091 713 1139 750 in
1170 712 1300 751 castra
1333 713 1388 753 ad

54 770 348 824 Amphipolim
371 769 507 819 venit,
545 769 728 822 graviter
758 769 1014 821 increpuisse
1034 769 1214 808 traditur
1234 772 1278 810 C.
1301 772 1389 811 Sul-

55 830 237 884 picium:
276 829 482 881 primum,
515 825 627 877 quod
659 824 805 864 Persea
834 836 917 863 tam
949 829 1091 879 procul
1125 840 1149 865 a
1178 827 1219 866 se
1246 831 1387 883 vagari

55 901 135 941 per
160 886 423 939 provinciam
447 882 583 937 passus
606 882 726 922 esset:
768 882 949 932 deinde,
983 884 1093 936 quod
1120 884 1225 924 adeo
1245 887 1387 926 indul-

55 943 164 984 sisset
185 943 410 989 militibus,
446 952 489 978 ut
512 940 677 980 nudare
698 942 843 994 tegulis
871 943 1147 982 muros'urbis
1169 943 1222 981 ad
1246 955 1388 999 tegen-

55 1000 112 1040 da
131 1001 407 1039 hibernacula
428 998 496 1036 sua
516 1011 739 1051 pateretur.
767 997 999 1051 referrique
1022 1002 1178 1053 tegulas
1199 1011 1240 1040 et
1257 1003 1389 1042 resar-

57 1059 136 1098 ciri
160 1069 287 1107 tecta,
319 1057 419 1095 sicut
442 1055 639 1107 fuerant,
674 1055 792 1109 jussit.
852 1056 904 1094 Et
923 1057 1066 1096 Persea
1090 1059 1259 1111 quidem
1290 1076 1387 1100 cum

56 1116 217 1169 majore
248 1115 334 1153 filio
362 1112 575 1167 Philippo,
618 1113 790 1152 traditos
819 1114 870 1152 A.
906 1115 1128 1164 Postumio,
1175 1118 1222 1155 in
1261 1118 1388 1158 custo-

56 1173 173 1213 diam
194 1171 326 1211 misit:
362 1172 485 1210 filiam
509 1185 603 1209 eum
625 1171 790 1209 minore
811 1172 895 1210 filio
909 1202 919 1221 ,
953 1187 973 1209 a
995 1173 1387 1217 Samothrace'acci-

57 1241 120 1272 tos
139 1229 454 1283 Amphipolim,
484 1230 606 1268 omni
626 1229 791 1268 liberali
810 1230 923 1268 cultu
944 1231 1101 1270 habuit.

174 1345 318 1385 XXIX.
379 1343 485 1398 Ipse,
516 1346 587 1384 ubi
608 1343 696 1385 dies
716 1346 848 1394 venit,
878 1360 960 1399 quo
980 1347 1118 1389 adesse
1140 1348 1390 1406 Amphipoli

61 1403 195 1445 denos
226 1403 441 1456 principes
480 1403 694 1443 civitatum
732 1403 921 1457 jusserat,
961 1407 1186 1460 litei-esque
1224 1423 1390 1460 omnes,

61 1475 167 1515 quae
198 1461 351 1513 ubique
380 1459 585 1513 depositae
608 1459 766 1510 essent,
795 1471 836 1500 et
857 1465 1080 1515 pecuniam
1103 1467 1260 1519 regiam
1290 1482 1390 1506 con-

60 1519 186 1566 ferri,
222 1531 317 1556 cum
338 1516 485 1557 decem
508 1519 672 1571 legatis,
704 1519 951 1573 circumfusa
978 1523 1094 1561 omni
1118 1524 1391 1564 multitudine

60 1574 369 1624 Macedonum,
405 1576 453 1614 in
482 1577 686 1615 tribunali
709 1576 908 1617 consedit.
963 1579 1147 1619 Assuetis
1171 1583 1285 1635 regio
1313 1583 1390 1622 im-

61 1634 184 1689 perio
205 1643 347 1673 tamen
364 1646 525 1672 novum
543 1632 721 1672 formam
736 1636 968 1674 terribilem
984 1638 1175 1690 praebuit
1188 1641 1391 1690 tribunal,

62 1690 279 1730 submotor
299 1690 454 1740 aditus,
492 1704 664 1744 praeco,
702 1692 919 1742 accensus,
951 1694 1113 1734 insueta
1133 1699 1276 1736 omnia
1297 1713 1391 1737 oeu-

61 1749 113 1788 lis
143 1749 414 1800 auribusque3
455 1761 560 1801 quae
595 1750 659 1788 vel
686 1748 838 1800 socios,
877 1751 1038 1791 nedum
1070 1753 1206 1793 hostes
1245 1757 1394 1805 victos,

62 1817 223 1845 terrere
244 1804 421 1859 possent.
481 1805 657 1845 Silentio
681 1821 759 1862 per
781 1822 1038 1862 praeconem
1059 1809 1191 1862 facto,
1224 1815 1393 1852 Paullus

64 1863 217 1904 Latine
229 1892 240 1912 ,
268 1877 372 1916 quae
391 1861 568 1913 senatui,
599 1878 703 1917 quae
722 1864 796 1905 fibi
815 1880 868 1905 ex
887 1869 1056 1907 concilii
1076 1868 1287 1910 sententia
1308 1870 1394 1912 visa

63 1920 223 1969 essent,
270 1922 585 1974 pronuntiavit:
631 1935 680 1961 ea
709 1924 788 1962 Cn.
824 1926 1018 1965 Octavius
1053 1939 1222 1980 praetor
1263 1929 1395 1978 (nam

62 1977 214 2032 etipse
234 1977 404 2027 aderat)
441 1978 714 2032 interpretata
742 1980 939 2022 sermone
972 1985 1136 2023 Graeco
1168 1985 1393 2025 referebat.

70 2036 247 2075 Omnium
275 2037 448 2087 primum
486 2034 627 2076 liberos
659 2036 726 2089 effe
748 2039 888 2092 jubere
921 2039 1174 2091 ΓνῙαεεσίοηας,
1216 2041 1397 2082 habentes

63 2091 178 2132 urbes
197 2092 341 2133 easdem
365 2105 579 2148 agrosque,
609 2106 760 2134 utentes
782 2094 930 2152 legibus
943 2097 1053 2151 suis,
1093 2113 1239 2139 annuos
1262 2114 1395 2140 crean-

66 2161 125 2189 tes
161 2146 435 2204 magistratus:
496 2151 689 2191 tributum
727 2152 925 2194 dimidium
957 2158 1063 2210 ejus,
1122 2157 1229 2209 quod
1255 2172 1399 2212 pepen-

67 2204 206 2258 diffent
242 2205 429 2262 regibus,
485 2207 656 2261 pendere
698 2210 844 2264 populo
886 2212 1063 2253 Romano.
1157 2214 1314 2255 Deinde
1351 2219 1400 2263 ¹in

66 2275 238 2318 quatuor
269 2267 448 2320 regiones·
486 2265 614 2305 dividi
646 2266 924 2309 Macedoniam.
987 2285 1099 2311 unam
1113 2271 1212 2324 fore
1246 2286 1284 2312 et
1311 2276 1399 2326 pri-

67 2333 164 2360 mam
201 2333 379 2373 partem,
439 2322 545 2375 quod
588 2326 682 2380 agri
722 2329 828 2364 inter
871 2326 1115 2383 Strymonem
1155 2343 1192 2369 et
1240 2328 1400 2382 Neffum

66 2390 209 2417 amnem
244 2376 319 2425 sit:
375 2378 605 2432 acceffurum
644 2380 732 2434 huic
779 2386 892 2436 parti
940 2398 1051 2425 trans
1103 2386 1289 2440 Neffum,
1347 2386 1400 2428 ad

68 2438 255 2476 orientem
292 2436 470 2490 versum,
528 2452 605 2492 qua
647 2438 809 2494 Perseus
845 2442 1024 2496 tenuiffet
1059 2446 1183 2495 vicos,
1242 2443 1402 2495 castella,

12 2522 18 2530 ,
69 2491 246 2546 oppida,
303 2504 466 2546 praeter
506 2495 688 2550 Aenum,
747 2511 785 2537 et
826 2497 1079 2552 Maroneam,
1139 2514 1178 2542 et
1215 2502 1402 2549 Abdera,-

735 2556 805 2597 Tt
835 2569 859 2597 2
1289 2572 1405 2601 tram·
