1548 2703
143 84 229 128 512
407 79 440 118 L
469 80 490 119 1
519 78 553 118 B
580 78 618 119 E
646 81 687 120 R
731 81 857 121 xm.
918 81 1028 122 cn.
1055 84 1106 123 v.
1131 60 1223 124 vt(

145 244 228 268 nee
252 230 335 267 ullo
354 229 734 269 commendabilem
750 232 912 279 merito,
934 230 1234 284 praeferebant
1244 234 1366 287 vulgo
1378 235 1478 274 civia

147 296 250 326 tates
272 298 356 325 tam
377 288 447 341 pio
469 301 563 341 erga
585 289 873 342 propinquos,
903 299 987 326 tam
1010 287 1113 340 justo
1140 289 1186 329 in
1214 291 1349 340 cives,
1389 302 1476 330 tam
1528 290 1535 299 ”

144 345 346 383 munifico
368 359 464 398 erga
484 359 632 384 omncs
654 346 846 385 homines
869 345 977 399 regi,
1009 344 1077 384 seu
1097 345 1216 385 fama.
1230 359 1271 387 et
1292 347 1502 400 majesta-„⁷

144 412 186 440 te
209 401 485 441 Macedonum
502 417 645 456 regum
669 404 960 455 praeoccupati
981 401 1032 441 ad
1047 402 1334 456 spernendam
1350 406 1474 459 origi-

145 472 246 498 nem
268 460 371 500 novi
393 462 535 513 regni3
564 460 631 498 seu
655 461 896 499 mutationis
916 474 1060 501 rerum
1083 461 1250 514 cupidi;
1275 462 1344 501 seu
1376 463 1473 516 quia

144 530 244 559 eum
259 518 465 568 objectum
486 517 568 556 esse
589 518 794 557 Romanis
818 519 1027 558 volebant.
1070 518 1201 557 Erant
1220 530 1358 558 autem
1379 533 1474 559 non

144 572 287 613 Aetoli
305 573 430 613 modo
450 574 497 612 in
519 574 805 624 seditionibus,
828 586 1002 629 propter
1021 576 1241 628 ingentem
1262 577 1346 616 vim
1363 577 1472 623 aeris

144 632 297 680 alieni,
329 630 397 669 sed
424 632 609 671 Thessali
634 634 779 671 etiam:
812 646 860 671 ea
891 634 1164 686 contagione,
1189 634 1315 680 ,velut
1341 636 1470 681 tabes,

143 689 193 728 in
216 689 507 728 Perrhaebiam
532 690 752 742 quoqueid
772 689 1007 743 pervaserat
1021 692 1189 729 malum.
1228 692 1330 741 Cum
1344 689 1474 729 Thes·

142 745 247 785 salos
275 747 321 784 in
342 749 467 786 armis
491 746 574 786 esse
596 749 835 786 nuntiatum
858 747 929 796 est,
952 748 1031 800 Ap.
1047 749 1265 788 Claudium
1287 749 1471 801 legatum

142 803 195 842 ad
223 818 291 843 eas
323 816 409 843 res‘
430 804 689 858 aspiciendas
719 804 1120 858 compone-dasque
1150 804 1318 845 senatus
1347 804 1468 844 misit.

142 863 251 912 Qui,
285 862 496 915 utriusque
518 864 646 916 partis
671 864 935 917 principibus
958 862 1169 916 castigatis,
1200 878 1297 902 cum
1315 861 1469 914 injusto

140 917 319 958 foenore
339 931 553 972 gravatum
576 934 643 959 aes
665 916 866 967 alienum,
888 920 983 973 ipsis
994 934 1147 973 magna
1168 934 1225 959 ex
1240 930 1357 974 parte
1370 931 1472 959 con·

137 976 409 1024 cedentibus,
443 979 513 1029 qui
534 988 786 1026 onerarant,
817 977 998 1026 levasset,
1030 976 1120 1030 justi
1139 977 1288 1018 crediti
1307 977 1468 1016 solutio·

137 1048 240 1073 nem
272 1036 319 1072 in
348 1034 372 1055 ἦ
394 1049 607 1073 annorum
638 1034 860 1087 pensiones
893 1034 1114 1073 distribuit.
1174 1033 1467 1074 Pereundem
1504 1066 1510 1068 -

137 1092 324 1145 Appium
346 1092 578 1144 eodemque
596 1091 1001 1144 modo'compositae
1031 1093 1077 1131 in
1107 1092 1358 1132 Perrhaebia
1384 1105 1466 1133 res·

138 1149 383 1188 Aetolorum
410 1149 546 1189 causas
579 1150 799 1189 Marcellus
831 1150 1013 1202 Delphis
1042 1164 1118 1203 per
1149 1149 1261 1188 idem
1298 1160 1464 1203 tempus
1512 1164 1517 1170 ·

137 1207 354 1247 hostilibus
385 1219 492 1247 actas
525 1209 700 1256 animis,
739 1221 841 1261 quas
871 1207 1072 1245 intestino
1103 1206 1312 1260 gesserant
1340 1207 1463 1257 bello,

125 1266 343 1319 cognovit.
383 1267 486 1304 Cum
509 1276 710 1304 certatum
723 1265 922 1318 utrinque
943 1266 1177 1304 temeritate
1199 1276 1322 1318 atque
1340 1263 1464 1304 auda-

136 1324 199 1362 cia
219 1333 440 1372 cerneret,
478 1322 646 1362 decreto
677 1322 846 1376 quidem
876 1321 946 1360 suo
976 1333 1170 1361 neutram
1201 1332 1365 1376 partem
1394 1333 1466 1362 aut

134 1381 297 1429 levare,
329 1391 398 1419 aut
420 1395 600 1419 onerare
621 1381 768 1420 voluit:
800 1381 1084 1418 communiter
1108 1382 1160 1420 ab
1190 1381 1373 1433 utrisque
1393 1393 1464 1433 pe-

134 1439 213 1487 tiit,
235 1439 499 1476 abstinerent
512 1439 635 1486 bello,
657 1449 697 1476 et
716 1438 930 1476 oblivione
950 1438 1287 1491 praeteritorum,
1308 1436 1470 1480 discor..

133 1495 223 1534 dias
249 1496 436 1535 finirent.
471 1497 601 1549 Hujus
623 1495 975 1534 reconciliationis
995 1495 1108 1533 inter
1126 1494 1231 1548 ipsos
1251 1493 1369 1543 fides,
1390 1496 1461 1534 ob·

131 1552 284 1592 fidibus
307 1555 414 1591 ultro
437 1554 624 1606 citroque
648 1552 776 1600 datis,
808 1553 970 1590 firmata
983 1552 1062 1592 test·
1121 1552 1386 1602 Corinthum,
1415 1561 1460 1590 ut

132 1611 192 1650 ibi
212 1609 534 1665 deponerentur
563 1609 748 1660 obfides,
779 1610 1045 1649 convenitur,

245 1725 315 1765 VI.
358 1724 397 1764 A
411 1725 592 1778 Delphis
613 1735 653 1764 et
666 1723 856 1769 Aetolico
874 1724 1054 1764 concilio
1076 1723 1297 1763 Marcellus
1316 1724 1367 1763 in
1386 1724 1456 1770 Pe„-

128 1782 410 1837 loponnesum
434 1783 616 1836 trajecit,
650 1798 730 1837 quo
750 1771 931 1822 Achaeis
962 1781 1151 1821 edixerat
1179 1793 1455 1822 conventum.

131 1843 237 1890 Ubi,
264 1840 498 1879 collaudata
518 1850 664 1894 gente,
697 1840 807 1893 quod
829 1839 1071 1879 constanter
1092 1850 1207 1879 vetus
1237 1838 1454 1879 decretum

125 1898 179 1938 de
200 1898 394 1938 arcendis
414 1898 527 1936 aditu
549 1899 697 1937 finium
718 1899 882 1951 regibus
905 1897 1184 1936 Macedonum
1209 1895 1452 1946 tenuissent,

125 1955 291 2009 insigne
319 1955 514 1996 adversus
547 1955 689 1995 Persea
707 1954 851 1994 odium
872 1956 1163 1993 Romanorum
1185 1953 1306 1993 fecit:
1337 1953 1452 2008 quod.

124 2024 170 2051 ut
190 2015 390 2053 maturius
413 2024 674 2066 erumperet,
713 2013 928 2051 Eumenes
959 2027 1059 2062 rex,
1097 2013 1451 2051 commentarium

123 2069 267 2110 serens
288 2071 441 2120 secum,
464 2071 574 2124 quod
590 2070 642 2109 ‹le
664 2071 928 2124 apparatibus
949 2070 1204 2123 belliomnia
1222 2069 1449 2122 inquirens

122 2126 294 2178 fecerat,
317 2131 494 2181 Romam
518 2129 646 2168 venit.
699 2130 773 2166 Per
796 2129 908 2166 idem
930 2138 1091 2180 tempus
1113 2127 1300 2179 quinque
1321 2126 1447 2179 legati

122 2184 176 2224 ad
195 2200 333 2240 regem
358 2186 475 2233 missi,
498 2187 565 2238 qui
578 2199 643 2224 res
657 2186 704 2224 in
717 2184 968 2225 Macedonia
981 2185 1228 2237 aspicerent.
1240 2204 1244 2207 -
1257 2182 1446 2222 Alexan—

120 2243 255 2282 driam
280 2245 407 2283 iidem
431 2243 484 2282 ad
511 2244 787 2281 Ptolemaeum
809 2242 1082 2282 renovandae
1103 2240 1309 2280 amicitiae
1325 2239 1445 2280 causa

118 2301 322 2355 proficisci
344 2301 445 2354 jussi.
505 2301 642 2354 Legati
665 2311 786 2338 erant
807 2300 873 2349 hi,
904 2301 948 2339 C.
972 2301 1184 2348 Valerius,
1224 2299 1302 2345 Cn.
1327 2300 1448 2337 Luta-

119 2359 199 2397 tius
230 2360 382 2407 Cerco,
419 2362 469 2409 Q.
489 2358 663 2396 Baebius
686 2358 829 2406 Sulca,
871 2359 926 2396 M.
953 2357 1170 2396 Cornelius
1195 2357 1444 2412 Mammula,

118 2417 176 2455 M.
201 2417 400 2455 Caecilius
433 2417 614 2457 Denter.
683 2414 737 2454 Et
769 2418 820 2453 ab
849 2414 1063 2454 Antiocho
1095 2426 1192 2466 rege
1221 2412 1296 2452 sub
1326 2412 1444 2453 idem

118 2483 280 2528 tempus
298 2475 425 2528 legati
445 2483 679 2518 venerunt:
707 2487 885 2529 quorum
894 2473 1096 2530 princeps
1105 2470 1374 2570 Aponosnius'
1391 2471 1444 2511 'm

1105 2538 1108 2539 ⁷
1270 2539 1445 2572 &natm
