1548 2703
283 90 638 132 LIBER-XLII.
706 86 820 146 CAr'.
854 92 994 145 LXVI.
1025 92 1186 134 LXVII.
1302 93 1388 138 565

261 167 264 170 ’
421 163 474 200 U.
495 163 538 200 C.
563 165 660 208 581.
721 176 756 200 a.
778 163 822 200 C.
844 162 896 200 N.
926 173 1020 210 171.
1251 177 1254 180 ⁴

59 216 596 229 ,....-..,..--.--.-.
873 213 1380 227 ...—....-..............-

54 243 174 282 milit.
208 258 288 295 qua
310 254 348 281 et
368 241 509 288 serius,
541 254 665 292 quam
687 252 753 277 res
771 240 1017 293 postulabat,
1049 251 1090 280 et
1106 241 1260 297 raptim
1278 250 1384 290 aeta,

55 300 209 338 turbari
230 300 352 339 cursu
371 297 565 337 adversus
585 297 809 336 instructos
831 308 870 336 et
888 309 1157 351 praeparatos
1173 309 1297 338 erant
1310 296 1381 336 ad-

54 357 238 396 venturi.
299 355 451 396 Consul
470 354 751 394 anteveniens
767 355 981 407 extemplo
1013 355 1219 407 proelium
1240 355 1382 395 confe-

53 414 151 454 ruit.
214 413 346 453 Primi
366 412 554 452 relistere
576 410 851 459 Macedone53
892 409 1072 461 deinde,
1121 422 1165 451 ut
1186 414 1303 452 nulla
1330 425 1382 451 re

53 485 174 526 pares
194 483 339 520 erant,
377 468 528 508 amissis
550 468 750 508 trecentis
769 467 999 522 peditibus,
1041 469 1190 523 viginti
1207 480 1381 521 quatuor
1427 475 1432 480 '

54 529 315 583 primoribus
338 527 528 580 equitum.
548 540 600 565 ex
618 527 707 574 ala,
733 540 858 577 quam
879 527 1050 565 Sacram
1062 537 1236 575 vocant,
1267 526 1383 565 inter

53 599 154 639 quos
170 584 450 624 Antimachus
471 584 599 622 etiam
620 582 855 637 praefectus
874 584 963 621 alae
987 584 1150 634 cecidit,
1179 583 1296 622 abire
1318 598 1381 623 co-

53 638 228 683 nantur.
290 644 487 683 Ceterum
516 641 596 680 iter
626 655 761 694 prope
789 639 878 694 ipso
909 642 1073 695 proelio
1099 640 1383 683 tumultuosius

51 701 142 740 fuit.
200 701 415 753 phalanx,
455 700 526 737 abs
548 697 714 751 trepido
745 698 900 737 nuntio
919 699 1071 749 accita,
1106 699 1382 752 cum‘raptim

51 758 299 807 duceretur,
334 757 477 811 primo
494 757 542 794 in
564 755 760 808 angustiis
779 756 1041 809 captivortsm
1061 757 1221 810 agmini
1241 757 1380 795 oblata.

51 816 332 869 vehiculisque
351 814 567 853 frumento
587 812 766 852 onustis:
802 812 855 851 iis
876 812 1016 863 caelis,
1061 814 1212 868 ingens
1232 813 1293 853 ibi
1311 827 1378 854 ve-

51 873 162 914 xatio
183 873 312 926 partis
329 872 542 923 utriusque
562 868 662 918 fuit,
698 870 819 909 nullo
840 871 1126 925 exspectante,
1165 882 1379 924 utcunque

8 955 11 958 -
49 930 329 983 explicaretur
352 942 516 982 agmen,
548 927 619 966 sed
637 927 807 966 armatis
829 926 1152 969 detrudentibus
1162 944 1240 983 per
1258 941 1376 983 prae·

53 1001 149 1040 ceps
169 986 500 1040 impedimenta,
535 985 690 1037 (neque
713 984 832 1024 enim
853 986 973 1024 aliter
995 987 1060 1027 via
1078 986 1236 1041 aperiri
1263 997 1377 1040 pote-

48 1046 132 1094 rat)
152 1044 372 1098 ju1nenti5‚
403 1058 498 1082 cum
516 1042 847 1091 stimularentur,
876 1043 925 1081 in
944 1046 1068 1084 turba
1085 1044 1375 1084 saevientibus.

49 1102 134 1142 Vix
153 1103 206 1141 ab
231 1100 454 1140 incondito
483 1100 652 1153 agmine
680 1100 943 1153 captivorum
973 1101 1252 1155 expedierant
1279 1100 1376 1152 sese,

51 1174 148 1198 cum
169 1159 284 1211 regio
303 1158 463 1211 agmini
483 1155 761 1211 perculsisque
782 1158 984 1209 equitibus
1006 1170 1247 1199 occurrunt.
1307 1157 1374 1198 Ibi

50 1231 151 1257 vero
173 1216 331 1255 clamor
353 1214 588 1270 jubentium
610 1211 772 1253 referre
789 1214 901 1268 ligna
910 1217 1382 1272 ruinae‘quoqueprope.

50 1273 225 1313 [imilem
243 1273 571 1327 trepidationem
592 1270 712 1310 fecit:
740 1282 805 1321 ut,
844 1271 874 1311 fi
894 1273 1049 1324 hostes,
1087 1274 1271 1315 introire
1299 1288 1373 1313 an-

47 1331 196 1386 gustias
217 1330 320 1380 auli,
350 1330 514 1383 longius
534 1329 709 1369 insecuti
728 1329 875 1378 essent,
903 1345 1056 1385 magna
1080 1331 1215 1372 clades
1237 1331 1373 1385 accipi

48 1389 245 1444 potuerit.
305 1387 479 1435 Consul,
509 1398 679 1441 recepto
698 1401 750 1426 ex
767 1388 929 1427 tumulo
948 1388 1166 1442 praesidio,
1197 1400 1371 1441 conten·

49 1458 112 1486 tus
133 1444 300 1484 modico
319 1444 512 1493 successu,
539 1444 588 1482 in
613 1444 744 1483 castra
765 1445 901 1498 copias
924 1445 1103 1486 reduxit.
1151 1448 1269 1496 Sunt,
1299 1447 1371 1499 qui

50 1517 99 1542 eo
122 1503 192 1541 die
210 1516 364 1556 magno
381 1501 543 1557 proelio
559 1512 791 1555 pugnatum
815 1514 1000 1542 auctores
1022 1504 1114 1543 lint.
1175 1517 1266 1544 octo
1279 1505 1370 1544 mss-

47 1561 104 1599 lia
121 1560 302 1600 hostium
330 1561 466 1608 caesa,
492 1560 539 1598 in
559 1559 623 1598 his
644 1559 866 1612 Sopatrum
884 1573 923 1599 et
942 1560 1220 1616 Antipatrum
1237 1562 1371 1616 regios

49 1617 192 1657 duces:
224 1617 337 1658 vivos
359 1627 498 1671 captos
518 1617 684 1656 circiter
702 1616 785 1655 duo
804 1617 936 1657 millia
955 1620 1227 1673 octingentos,
1256 1619 1370 1673 signa

48 1676 247 1714 militaria
279 1686 396 1729 capta
427 1674 575 1728 viginti
601 1674 771 1728 septem.
830 1675 921 1714 Nec
949 1677 1219 1717 incruentam
1246 1678 1370 1718 victo-

48 1733 156 1772 riam
167 1732 310 1772 fuisse:
340 1733 465 1785 [upra
486 1742 660 1785 quatuor
683 1732 815 1771 millia
827 1744 866 1772 et
886 1744 1096 1774 trecentos
1116 1735 1167 1775 de
1184 1735 1371 1776 exercitu

49 1791 230 1831 consulis
250 1789 468 1830 cecidisse:
497 1788 610 1843 ligna
628 1789 814 1830 sinistrae
836 1792 923 1830 alae
945 1793 1129 1847 quinque
1150 1793 1309 1834 amiss'a.

163 1905 327 1946 LXVII.
359 1902 438 1944 Hic
456 1902 542 1942 dies
561 1914 601 1943 et
622 1905 826 1944 Romanis
847 1904 995 1947 refecit
1014 1909 1198 1959 animos,
1221 1921 1262 1950 et
1277 1912 1365 1950 Per-

48 1964 115 2004 sea
137 1962 337 2017 perculit,
375 1971 442 2010 ut,
484 1960 568 2001 dies
597 1976 747 2015 paucos
777 1962 830 2001 ad
848 1966 1053 2018 Mopfium
1072 1976 1277 2018 moratus,
1312 1968 1368 2007 se-

49 2023 243 2077 pulturae
264 2019 450 2059 maxime
469 2019 649 2058 militum
662 2020 903 2060 amissorum
926 2026 1043 2073 cura,
1055 2024 1260 2078 praesidio
1274 2025 1370 2065 fatis

50 2078 187 2121 valido
208 2077 262 2117 ad
283 2078 493 2118 Gonnum
510 2077 667 2126 relicto,
700 2079 747 2116 in
761 2078 1056 2120 Macedoniam
1074 2083 1283 2137 reciperet
1305 2098 1369 2123 co-

47 2137 148 2190 pias.
208 2134 484 2174 Timotheum
504 2134 715 2187 quendam
726 2150 778 2175 ex
796 2137 918 2190 regiis
936 2138 1155 2192 praefectis
1178 2156 1368 2181 cummo-

49 2192 144 2232 dica
159 2207 292 2232 manu
314 2191 519 2246 relinquit
538 2192 590 2230 ad
611 2193 785 2242 Philam,
812 2194 963 2248 jussum
982 2198 1193 2251 Magnetas
1214 2210 1255 2238 et
1274 2214 1368 2254 pro-

48 2251 227 2304 pinquos
253 2261 435 2290 tentare.
491 2250 598 2289 Cum
624 2252 778 2290 Pellam
798 2253 996 2302 venisset,
1039 2257 1221 2296 exercitu
1241 2257 1289 2297 in
1309 2257 1372 2296 hi-

3 2347 7 2349 ,
48 2310 185 2347 berna
201 2306 388 2357 dimisso,
429 2306 517 2360 ipse
546 2322 639 2346 cum
673 2311 800 2361 Cotye
821 2311 1159 2352 Thessalonicam
1190 2314 1248 2353 eft
1275 2329 1369 2368 pro-

50 2365 190 2404 fectus.
212 2410 214 2413 .
245 2365 308 2406 Eo
329 2364 444 2403 fama
463 2363 660 2415 affertur,
697 2364 904 2406 Atlesbim
924 2372 1112 2422 regulum
1137 2372 1367 2422 Thracum,

49 2433 91 2462 et
114 2423 342 2475 Corragum
360 2421 563 2461 Eumenis
581 2423 854 2476 praesectum,
884 2425 933 2464 in
954 2429 1092 2472 Cot-vis
1112 2429 1217 2470 fines
1237 2430 1368 2483 impc-

48 2489 140 2521 tum
154 2478 316 2522 feciffe:
344 2491 384 2537 et
393 2480 622 2534 regionem,
640 2484 851 2522 Marenen
873 2499 997 2537 quam
1016 2474 1180 2537 vertant,
1202 2487 1364 2542 cepisse.
1391 2507 1397 2512 .

701 2540 788 2580 Nn
813 2544 841 2587 3
1291 2546 1368 2583 Im-
