1548 2703
148 71 204 123 96
343 70 379 108 L·
406 67 425 107 Ι
454 66 488 107 Β
515 65 552 108 Ε
582 68 620 108 R
659 69 849 112 xxxm.
919 71 1032 111 Car.
1053 64 1161 113 XIV.
1186 63 1277 113 XV

156 124 1212 137 -ῃ-ὑ--ῄ--ῇ--ᾘ

137 218 223 270 est)
253 219 549 258 convenirent.
615 220 829 259 Omnibus
859 219 912 258 ad
944 208 1055 261 diem
1089 222 1266 260 edictam
1297 225 1467 276 paratis,

139 274 356 330 profectus
384 275 488 315 inde
524 278 755 330 extemplo,
800 291 883 330 per
912 277 1185 317 Phliasiorum
1208 279 1312 319 fines
1342 292 1468 320 nocte

143 334 334 382 Cleonas,
358 332 499 373 insciis
523 336 732 382 omnibus,
757 333 856 387 quid
880 346 1057 388 pararet,
1080 335 1287 389 pervenit.
1328 337 1467 382 Erant

142 401 278 429 autem
300 405 391 428 cum
414 405 462 429 eo
485 391 670 444 quinque
690 393 819 431 millia
842 391 1028 445 peditum
1043 423 1054 442 ,
1092 407 1145 432 ex
1164 394 1312 446 quibus
1332 406 1465 434 arma-

140 453 259 486 turae
280 449 402 497 levis,
443 459 484 487 et
499 450 682 488 trecenti
708 450 891 502 equites,
933 465 1029 489 cum
1063 451 1111 490 iis
1136 451 1267 503 copiis
1296 450 1460 502 dimini,

139 505 211 557 qui
236 504 567 559 specularentur,
611 520 735 560 quam
761 508 809 546 in
841 512 1002 561 partem
1029 508 1164 548 hostes
1186 507 1466 550 effunderent

137 561 247 612 sese,
278 565 551 617 opperit-than·
558 578 620 602 ur.

249 645 337 719 XV.
393 675 738 728 Androsthenes,
789 679 978 720 omnium
1009 680 1202 733 ignarus,
1255 679 1464 720 Corintho

135 733 370 789 profectus,
406 736 459 774 ad
482 737 684 775 Nemeam
713 737 872 787 (amnis
897 737 953 776 est
974 739 1240 777 Corinthium
1263 749 1304 777 et
1324 739 1460 792 Sic'yo—

134 794 255 831 nium
275 793 524 832 interfluens
548 795 710 846 agrum)
731 794 860 833 caiti-a
881 797 997 834 locat.
1057 796 1120 834 lbi
1143 805 1262 847 parte
1285 794 1461 835 d-imidia

135 851 341 890 exercitus
362 850 521 889 dimissa
539 880 549 898 ‚
585 850 800 890 dimidiam
820 852 1033 891 trifariam
1054 851 1209 898 divisit,
1252 863 1293 903 et
1309 865 1458 892 omnes
1478 859 1481 861 ’

134 908 292 960 equites
313 907 548 946 discurrere
569 907 627 945 ad
649 908 968 962 depopulandos
994 909 1110 948 simul
1151 909 1458 949 Pellenenlium

132 965 459 1017 Sicyoniumque
498 978 636 1017 agros‚
683 976 723 1003 et
762 965 977 1004 Phliasium
992 996 1002 1015 ‚
1047 967 1182 1018 jubet.v
1235 969 1349 1006 Haec
1378 963 1458 1006 tria

131 1021 296 1061 diversa
323 1024 492 1075 agmina
514 1020 748 1062 discessere.
805 1023 915 1076 quod
943 1024 1014 1061 nbi
1040 1025 1217 1063 Cleonas
1247 1023 1300 1062 ad
1328 1023 1454 1063 Nico·

130 1078 301 1118 stratum
320 1081 524 1133 perlatum
549 1078 623 1128 est,
661 1081 871 1133 extemplo
893 1080 1074 1119 validam
1093 1081 1457 1120 mercenariorum

127 1148 306 1175 manum
333 1136 600 1191 praemissam
630 1136 682 1174 ad
704 1137 994 1190 occupandum
1018 1137 1186 1186 saltum,
1226 1150 1451 1191 perquem
1486 1182 1489 1183 ⁷

129 1195 327 1233 transitus
348 1196 396 1233 in
416 1194 682 1234 Corinthium
705 1194 763 1233 est
780 1209 921 1247 agrum
935 1224 946 1243 ,
979 1206 1076 1234 ante
1100 1195 1214 1248 signa
1235 1195 1453 1248 equitibus,

127 1264 174 1291 ut
191 1251 586 1306 praegrederentur,
610 1252 765 1301 locatis,
785 1251 869 1305 ipse
883 1251 1101 1291 confestim
1116 1251 1282 1305 agmine
1295 1251 1454 1306 duplici

126 1310 323 1363 sequitur.
387 1311 506 1348 Parte
547 1322 632 1347 una
659 1311 911 1348 mercenarii
934 1311 1083 1348 milites
1113 1310 1231 1347 ibant
1253 1324 1346 1348 cum
1368 1304 1457 1349 levi

127 1378 361 1416 armatura,
401 1368 531 1406 altera
559 1367 759 1420 clypeati,
799 1366 901 1406 dein
932 1367 1103 1405 aliarum
1128 1367 1313 1420 gentium
1335 1375 1452 1405 exet:-

126 1425 231 1465 citus
253 1427 381 1463 robur
405 1435 504 1463 erat.
565 1425 655 1463 Jam
679 1424 790 1463 haud
812 1425 957 1477 procul
977 1423 1116 1462 castris
1136 1426 1312 1462 aberant
1332 1422 1449 1476 p'edi-

123 1493 185 1521 tes
207 1484 469 1536 equitesque,
501 1492 540 1520 et
561 1481 772 1535 Thracum
792 1480 960 1535 quidam
983 1481 1031 1520 in
1058 1494 1177 1535 vagos
1208 1480 1446 1534 palatosque

121 1553 200 1594 per
222 1553 338 1594 agros
359 1539 493 1578 hostes
512 1540 717 1591 impetum
750 1538 962 1588 fecerunt,
1003 1552 1097 1577 cum
1125 1552 1280 1592 repens
1310 1546 1448 1578 terror
1468 1564 1473 1565 ν

124 1597 264 1637 castris
285 1596 480 1636 insertur.
539 1597 771 1649 Trepidare
792 1596 890 1645 dux,
913 1607 956 1634 ut
977 1597 1045 1649 qui
1067 1595 1203 1635 hostes
1224 1609 1444 1648 nusquam,

122 1655 202 1694 nifi
222 1667 318 1696 raro
338 1655 386 1693 in
406 1655 579 1693 collibus
595 1665 693 1693 ante
713 1654 950 1706 Sicyonem,
972 1667 1062 1691 non
1076 1652 1278 1692 audentes
1293 1664 1447 1706 agmen

123 1709 344 1752 demittere
365 1713 413 1751 in
433 1725 614 1766 campos,
639 1710 822 1752 vidisset:
851 1711 903 1750 ad
926 1712 1101 1750 Cleonas
1126 1710 1293 1763 quidem
1314 1708 1445 1749 acces·

117 1769 234 1809 ,suros
264 1783 486 1822 nunquam
516 1768 766 1808 credidisset.
827 1769 1015 1807 rovocari
1052 1770 1149 1806 tuba
1180 1766 1293 1820 jubet
1323 1778 1444 1819 vagos

120 1841 146 1866 a
167 1826 307 1866 castris
329 1826 519 1880 dilapsos.
577 1825 668 1879 lpse
682 1856 692 1876 ‚
706 1826 869 1879 ‘raptim
893 1832 1042 1879 capere
1065 1839 1179 1863 arma
1200 1824 1310 1878 jussis
1335 1824 1444 1864 mili-

119 1885 227 1924 tibus
249 1914 261 1934 ,
293 1884 556 1937 infrequenti
583 1885 749 1936 agmine
772 1895 889 1936 porta
910 1882 1108 1935 egressus,
1141 1882 1262 1937 super
1281 1883 1444 1921 flumen.

117 1941 287 1981 instruit
307 1943 452 1981 aciem
510 1943 679 1980 Ceterae
700 1943 856 1994 copiae,
887 1942 958 1980 vix
980 1940 1114 1993 colligi
1139 1951 1262 1993 atque
1290 1938 1443 1993 instrqi

116 2013 212 2038 curn
235 1999 474 2053 potuissent,
495 1999 695 2052 primum
705 1999 881 2036 hostium
904 1999 1104 2051 impetum
1126 2011 1219 2036 non
1240 1998 1440 2036 tulerunt.

115 2056 371 2096 Macedones
391 2067 430 2095 et
458 2057 640 2095 maxime
659 2056 848 2095 omnium
869 2054 1110 2108 frequentes
1135 2054 1188 2094 ad
1217 2053 1331 2108 ligna
1354 2052 1440 2092 fue·

116 2114 606 2167 rant,etd1uan01p1tem
630 2114 826 2152 victoriae
849 2112 962 2166 spem
983 2111 1198 2151 fecerunt:
1232 2087 1441 2164 pqostremb

76 2178 86 2181 ”
114 2170 211 2225 fuga
230 2183 464 2210 ceterorum
490 2170 664 2219 nudati,
705 2185 800 2208 cum
820 2168 926 2208 duae
947 2171 1029 2223 jam
1052 2171 1158 2211 acies
1182 2168 1360 2207 hostium
1387 2181 1441 2207 ex

114 2228 300 2278 diverso,
346 2229 448 2268 levis
478 2240 686 2267 armatura
717 2229 767 2266 ab
797 2227 950 2276 latere,
999 2227 1178 2279 clypeati
1209 2225 1441 2278 cetratique

113 2299 138 2325 a
158 2286 300 2325 fronte
319 2297 544 2340 urgerent3
577 2296 616 2324 et
636 2284 733 2338 ipsi,
770 2298 816 2323 re
836 2284 1063 2333 inclinata,
1096 2284 1234 2337 primo
1255 2282 1440 2322 retulere
1494 2300 1499 2306 ·

110 2343 288 2409 pedem:
320 2342 478 2383 deinde
498 2343 662 2396 impulli
695 2354 811 2395 terga
832 2351 1024 2390 vertunt,
1059 2351 1099 2379 et
1129 2340 1342 2394 plerique,
1371 2340 1442 2380 ab.-

109 2400 226 2453 jectis
258 2402 406 2450 armis‚
456 2401 577 2439 nulla
606 2400 675 2453 spe
711 2399 940 2438 castrorum
969 2370 1254 2437 tenendorum
1283 2396 1440 2450 relicta,

110 2457 372 2515 Corinthum
391 2459 618 2513 petierunt.
677 2456 954 2508 Nicostratus,
1003 2455 1280 2496 mercenariis
1301 2454 1441 2551 111ῐῖιί-

621 2524 627 2533 “
1271 2524 1274 2526 ’
1392 2521 1438 2552 US
