1548 2703
217 55 250 96 Ι.
281 54 301 94 1
330 53 365 94 Β
395 55 432 99 E
459 55 502 96 R
544 54 775 120 253&an
835 52 1120 94 cmxxxlv.
1144 52 1271 91 xxv.
1336 54 1426 104 343

364 127 486 169 uc..
506 128 603 171 563.
830 126 876 162 a.
899 123 1023 163 c.·N.
1054 128 1146 175 189.

77 207 192 261 quod
222 203 604 251 servunrfortuna}
625 215 738 252 erat,
772 205 858 243 vim
882 196 993 242 fecit.
1053 202 1254 251 Deinde,
1288 202 1340 241 ad
1359 203 1422 252 ⁴le·

76 263 286 304 niendam
306 263 610 316 indignitatem
633 257 831 314 injuriae,
852 260 968 314 spem
989 260 1148 300 reditus
1160 260 1210 300 ad
1222 260 1316 299 suos
1332 274 1422 302 mu-

75 319 316 368 lierirfacit3
364 331 405 359 et
433 334 491 358 ne
524 334 615 359 eam
648 318 844 372 quidem,
891 329 934 358 ut
959 332 1136 367 amans,
1183 319 1419 371 gratuitam.

76 389 191 418 certo
223 379 314 416 auri
343 376 536 431 pondere
562 387 728 430 pactus,
767 379 826 415 ne
857 391 980 429 quem
1009 376 1221 416 conscium
1245 375 1417 415 suorum

74 435 273 484 haberet,
311 433 385 488 ipsi
415 434 644 487 permittit,
677 444 743 483 ut,
774 447 901 487 quem
931 434 1081 481 vellet,
1112 448 1243 472 unum
1279 448 1332 471 ex
1352 448 1416 471 ca-

75 494 202 548 ptivis
226 493 425 531 nuntium
449 491 503 529 ad
531 491 622 532 suos
652 493 849 531 mitteret.
911 493 1066 531 Locum
1088 506 1222 545 prope
1251 491 1416 531 flumen

73 550 309 599 eonstituit3
335 564 417 603 quo
443 548 548 598 duo,
590 563 649 587 ne
678 550 796 603 plus,
840 547 1065 589 necessarii
1097 550 1284 603 cap-‘ivae
1310 563 1413 598 :cum

73 622 174 646 auro
188 608 387 646 venirent
398 617 523 645 nocte
540 606 784 658 insequenti
795 605 847 644 ad
867 621 960 646 eam
974 606 1279 660 accipiendam.
1314 607 1411 644 For-

73 676 114 708 te
136 664 260 719 ipsius
280 665 470 703 mulieris
489 663 629 704 servus
650 664 764 702 inter
785 665 968 717 captivos
991 664 1174 718 ejusdem
1200 663 1410 703 custodiae

74 735 175 762 erat.
213 723 330 760 hunc
355 721 558 760 nuntium
578 722 725 774 primis
746 722 933 761 tenebris
954 733 1072 761 extra
1092 722 1287 761 stationes
1309 735 1408 760 cen-

70 780 181 820 turio
206 778 358 819 educit.
420 779 555 817 Nocte
578 779 817 832 insequenti
841 790 881 818 et
903 779 986 819 duo
1017 779 1239 818 necessarii
1260 779 1409 818 mulie·

70 839 128 882 ris
149 836 202 876 ad
221 836 491 875 constitutum
514 836 666 884 locum,
699 848 739 875 et
761 838 955 876 centurio
974 851 1068 876 cum
1089 839 1251 891 captiva
1272 837 1406 876 venit.

65 895 140 946 ubi
159 908 257 933 cum
278 908 426 932 aurum
446 893 743 944 ostenderent,
777 893 889 947 quod
917 894 1118 934 summam
1150 895 1300 934 talenti
1330 893 1406 933 At-

66 953 138 995 tici
157 953 285 1002 (tanti
312 953 430 990 enim
452 952 688 1005 pepigerat)
711 954 922 1005 expleret3
957 955 1112 992 mulier
1139 954 1284 1006 lingua
1316 951 1404 1000 sua,

56 1009 304 1064 stringerent
326 1007 517 1061 ferrum,
565 1021 603 1047 et
632 1012 892 1048 centurionem
923 1010 1138 1063 pensantem
1168 1023 1312 1049 aurum
1346 1022 1404 1047 oc-

66 1066 265 1116 ciderent,
305 1067 541 1119 imperavit.
600 1066 779 1119 Jugulati
806 1067 1038 1120 praecisum
1068 1080 1191 1121 caput
1220 1066 1307 1121 ipsa
1334 1067 1403 1105 in-

65 1126 254 1165 volutum
287 1122 397 1163 veste
423 1122 593 1172 ferens,
634 1123 689 1161 ad
718 1124 856 1164 virum
889 1124 1203 1179 Ortiagontmn,
1248 1124 1320 1178 qui
1348 1124 1402 1163 ab

67 1183 251 1236 Olympo
272 1181 443 1220 domum
466 1179 699 1233 refugerat,
732 1182 939 1234 pervenit.
1000 1197 1126 1236 quem
1155 1183 1402 1236 priusquam,

66 1242 438 1293 complecteretur,
471 1249 594 1291 caput
615 1238 875 1277 centurionis
898 1250 997 1278 ante
1019 1240 1147 1293 pedes
1177 1241 1260 1293 ejus
1291 1240 1400 1292 abje-

63 1299 144 1337 citt
175 1297 454 1349 mirantique,
486 1296 705 1348 cujusnam
727 1295 772 1334 id
793 1308 915 1349 caput
944 1297 1153 1346 hominis,
1189 1307 1259 1335 aut
1286 1294 1399 1350 quod

60 1355 108 1395 id
128 1353 292 1400 facinus
312 1352 636 1406 haudquaquam
658 1354 868 1392 muliebre
889 1354 1000 1403 esset,
1024 1367 1064 1394 et
1083 1356 1285 1404 injuriam
1308 1368 1400 1393 cor·

60 1413 199 1466 poris,
240 1422 281 1451 et
310 1411 518 1456 ultionem
541 1411 714 1450 violatae
735 1425 811 1464 per
835 1412 918 1450 vim
949 1413 1176 1465 pudicitiae
1208 1410 1397 1451 confessa

60 1470 153 1511 viro
175 1469 253 1509 est:
285 1469 448 1522 aliaque
473 1471 539 1518 (ut
566 1468 764 1520 traditur)
795 1468 1013 1508 sanctitate
1043 1482 1083 1509 et
1109 1471 1311 1524 gravitate
1334 1470 1396 1510 vi·

60 1538 147 1576 tae,
183 1527 305 1581 hujus
335 1526 586 1567 matronalis
613 1525 816 1570 facinoris
847 1526 973 1568 decus
1005 1527 1059 1569 ad
1079 1530 1273 1569 ultimum
1295 1540 1396 1568 con·

57 1584 249 1626 servavit.

171 1698 296 1739 XXV.
354 1698 425 1740 Ad
443 1697 664 1753 Ancyram
676 1701 725 1741 in
745 1700 888 1742 stativa
910 1701 1183 1755 Tectosagum
1207 1711 1392 1741 oratores
1428 1716 1430 1718 ’

54 1755 112 1806 ‚ad
139 1755 353 1795 consulem
383 1769 623 1808 venerunt,
662 1770 876 1813 petentes,
922 1774 980 1799 ne
1010 1771 1110 1799 ante
1135 1762 1186 1798 ab
1213 1758 1392 1811 Ancyra

55 1812 190 1852 castra
210 1826 419 1865 moveret,
460 1831 585 1869 quam
614 1818 839 1870 collocutus
861 1833 956 1857 cum
978 1817 1058 1857 suis
1082 1819 1248 1871 regibus
1279 1815 1391 1855 esset.

55 1872 196 1910 nullas
218 1871 484 1913 conditiones
502 1874 616 1927 pacis
636 1876 687 1914 iis
699 1889 791 1914 non
807 1876 916 1915 bello
927 1874 1018 1915 fore
1041 1877 1237 1929 potiores.
1268 1876 1392 1913 Tem·

55 1942 134 1984 pus
158 1929 206 1967 in
239 1928 453 1982 posterum
483 1930 595 1970 diem
619 1932 906 1982 constituitur,
936 1932 1134 1986 locusque
1165 1933 1237 1986 qui
1258 1932 1393 1971 maxi·

56 1994 126 2025 ine
147 1986 309 2026 medius
333 1988 447 2026 inter
466 1988 598 2028 castra
628 1990 850 2029 Gallorum
877 2002 916 2029 et
937 1990 1157 2043 Ancyram
1189 1989 1247 2029 est
1268 1988 1390 2030 visus.

50 2046 154 2095 ,Quo
174 2058 266 2082 eum
287 2044 434 2083 consul
455 2044 509 2084 ad
530 2056 694 2100 tempus
716 2063 811 2086 cum
830 2048 1035 2101 praesidio
1058 2049 1392 2102 quingentorum

49 2102 246 2155 ,equitum
265 2102 468 2152 venisset,
498 2117 582 2142 nec
601 2106 686 2143 ullo
711 2107 934 2145 Gallorum
966 2107 1025 2145 ibi
1045 2105 1152 2155 viso,
1183 2102 1390 2159 regressus

56 2159 107 2203 in
126 2159 255 2197 castra
273 2158 388 2209 esset,
420 2171 606 2200 oratores
626 2161 757 2201 iidem
777 2163 973 2213 redeunt,
1005 2163 1264 2211 excusantes,
1294 2161 1392 2201 reli-

58 2216 185 2269 gione
205 2217 367 2268 obiecta
386 2218 535 2257 venire
558 2232 676 2271 reges
701 2234 795 2259 non
827 2220 954 2274 posse.
993 2221 1209 2275 principes
1239 2220 1392 2274 gentis,

57 2286 138 2326 per
159 2287 259 2326 quos
279 2288 413 2327 aeque
431 2289 498 2315 res
518 2279 693 2330 transigi
713 2277 868 2332 posset,
896 2289 1110 2318 venturos.
1171 2276 1325 2317 Consul
1345 2274 1389 2315 se

58 2344 222 2383 quoque
250 2331 439 2370 Attalum
473 2333 693 2373 missurum
733 2335 850 2375 dixit.
921 2334 992 2375 Ad
1023 2336 1104 2375 hoc
1135 2335 1391 2388 colloquium

57 2388 259 2440 utrinque
283 2400 459 2428 ventum
483 2390 554 2429 est.
595 2401 806 2432 trecentos
826 2394 986 2446 equites
1007 2392 1171 2436 Attalus
1192 2390 1391 2447 praesidii

57 2444 179 2485 causa
200 2459 295 2485 cum
315 2446 566 2498 adduxisset,
596 2448 727 2502 jactae
747 2451 843 2490 sunt
861 2451 975 2506 pacis
995 2450 1276 2491 conditiones.
1328 2448 1392 2486 Fi-

749 2510 783 2547 Y
815 2511 844 2559 4
1325 2506 1395 2544 nis
