1548 2703
99 87 532 140 LIBfflzxxxvu.
594 88 705 127 cm.
725 87 1103 128 xxxnmcxxw.
1127 86 1285 131 xxxv.
1314 90 1404 141 293

74 211 819 222 -.—-——-——-————-—
826 209 1385 221 —————————-—-———-——

70 237 240 277 taminis
255 235 446 276 futuram
466 234 751 274 cred‘sderant.
809 235 964 276 Stativa
985 235 1142 276 deinde
1164 237 1219 276 ad
1239 236 1396 277 Helles-

68 306 247 350 pontum
269 293 525 346 aliquamdiu
543 293 804 341 habuerunt,
850 293 947 346 quia
966 292 1052 333 dies
1074 293 1205 343 forte,
1248 293 1396 347 quibus

69 353 224 392 ancilia
255 361 506 400 moventur,
537 349 721 404 weligiofi
752 350 807 389 ad
839 351 919 390 iter
946 349 1203 390 inciderant.
1259 349 1396 390 iidem

69 410 157 449 dies
181 411 220 449 P.
246 408 487 463 Scipionem
508 408 707 461 propiore
728 408 852 448 etiam
872 409 1098 462 religione,
1143 408 1239 461 quia
1259 407 1396 448 Salius

69 479 171 518 erat,
190 466 483 522 disjunxerant
502 467 554 503 ab
572 465 778 506 exercitu:
809 466 1004 521 causaque
1025 476 1066 506 et
1084 465 1118 506 is
1138 465 1226 520 ipse
1244 476 1392 506 morae

68 537 181 576 erat,
212 523 313 564 dum
334 523 667 577 consequeretur.

181 639 362 679 XXXIV.
415 639 490 677 Per
521 651 589 677 eos
619 636 730 677 forte
751 636 838 677 dics
858 638 1010 692 legatus
1030 639 1080 678 ab
1102 637 1317 680 Antiocho
1339 639 1391 679 in

68 699 201 738 castra
222 707 396 738 venerat
413 696 641 747 Byzantius
674 695 939 746 Heraclides,
989 696 1040 735 tle
1069 712 1172 751 pace
1203 697 1391 737 afferens

65 755 288 795 mandata:
317 768 441 807 quam
459 753 769 807 impetrabilem
789 754 896 803 fore,
924 768 1125 808 magnam
1144 755 1183 794 ei
1203 755 1321 809 spem
1331 766 1390 794 at·-

68 814 163 855 tulit
182 825 302 852 mora
321 822 362 850 et
377 811 587 850 cunctatio
606 813 919 862 Romanorum3
949 825 1046 866 quos
1058 843 1069 861 ,
1106 812 1223 852 fimul
1246 811 1390 852 Afiam

67 870 312 925 attigissent,
343 868 473 908 effuso
497 869 663 922 agmine
686 869 740 909 ad
761 869 892 908 castra
912 871 1026 924 regia
1044 870 1173 911 ituros
1200 869 1390 910 credide-

65 939 143 968 rat.
188 927 350 967 -Statuit
370 938 515 965 tamen
533 941 624 965 non
649 927 764 980 prius
785 926 902 966 adire
924 928 1135 968 consulem
1149 958 1160 977 ‚
1201 943 1325 982 quam
1346 929 1389 966 P.

9 1004 16 1009 ·
64 986 330 1040 Scipionem:
370 995 410 1023 et
428 984 486 1023 ita
502 984 753 1023 mandatum
776 986 827 1023 ab
850 999 945 1038 rege
962 996 1084 1025 erata
1122 987 1171 1025 in
1192 1000 1240 1024 eo
1258 984 1390 1025 maxi-

64 1056 181 1085 mam
211 1043 327 1097 spem
357 1042 561 1091 habebat,
600 1054 895 1096 praeterquam
931 1042 1042 1096 quod
1072 1055 1112 1082 et
1140 1042 1387 1097 magnitudo

63 1101 196 1141 animi
211 1105 253 1139 et
261 1100 420 1139 satietas
441 1099 598 1152 gloriae
619 1100 868 1153 placabilem
881 1114 976 1140 eum
995 1101 1178 1141 maxime
1187 1099 1391 1148 faciebat;

62 1170 293 1212 notumque
316 1169 406 1196 erat
425 1157 628 1211 gentibus,
660 1157 729 1209 qui
749 1158 884 1196 victor
903 1158 975 1203 ille
996 1159 1045 1197 in
1059 1152 1284 1213 Hispania,
1317 1157 1389 1211 qui

64 1216 222 1256 deinde
244 1216 292 1255 in
303 1213 451 1253 Africa
471 1214 628 1253 fuisset:
660 1215 786 1253 etiam
808 1214 920 1268 quod
942 1216 1047 1255 filius
1069 1217 1153 1271 ejus
1176 1227 1315 1269 captus
1338 1215 1391 1254 in.

63 1275 260 1330 potestate
287 1272 395 1325 regis
423 1282 524 1312 erat.
586 1272 624 1309 Is
654 1272 746 1320 ubi,
796 1283 836 1311 et
873 1272 1042 1326 quando
1055 1303 1065 1323 ,
1109 1285 1149 1312 et
1186 1287 1266 1326 quo
1296 1271 1390 1311 casu

63 1342 203 1385 captus
223 1329 290 1379 lit,
320 1330 419 1369 licut
440 1330 640 1382 pleraque
653 1330 731 1369 alia
744 1359 755 1378 ,
782 1344 934 1383 parum
952 1331 1067 1370 inter
1090 1342 1277 1371 auctores
1290 1343 1387 1370 con-

60 1391 150 1429 stat.
213 1388 284 1427 alii.
310 1387 525 1442 principio
544 1387 668 1435 belli,
708 1402 731 1425 a
752 1387 950 1426 Chalcide
976 1390 1134 1428 Oreum
1155 1399 1391 1442 petentem,

63 1448 398 1486 ciromnventum
418 1447 468 1495 ab
490 1444 613 1497 regiis
632 1445 807 1484 navibus
826 1444 1023 1484 tradunt:
1055 1446 1147 1495 alii,
1171 1445 1391 1499 postquam

59 1504 282 1543 transitum
314 1503 361 1541 in
380 1500 521 1551 Asiam
548 1501 630 1550 est,
670 1517 764 1541 cum
794 1513 934 1541 turma
954 1503 1199 1558 Fregellana
1219 1503 1390 1543 missum

61 1562 324 1616 exploratum
345 1560 399 1600 ad
415 1560 534 1614 regia
548 1559 695 1609 castra,
728 1558 858 1599 effuso
879 1561 1047 1600 obviam
1065 1561 1260 1615 equitatu,
1293 1574 1391 1599 cum

62 1620 270 1673 reciperet
289 1618 394 1668 sese,
437 1618 556 1656 ineo
578 1616 793 1671 delapsum
823 1619 1002 1658 tumultu
1031 1633 1083 1659 ex
1112 1633 1243 1672 equo,
1292 1632 1393 1657 cum

62 1677 221 1716 duobus
259 1676 461 1729 equitibus
491 1674 734 1728 oppressum
747 1705 758 1725 ,
807 1675 863 1714 ita
899 1674 953 1714 ad
991 1689 1134 1730 regem
1162 1675 1394 1715 deductum

61 1734 155 1775 esse.
215 1733 327 1774 Illud
357 1733 449 1772 satis
480 1732 663 1782 constat,
709 1732 739 1771 fi
770 1748 855 1786 pax
883 1748 979 1772 cum
1009 1734 1166 1787 populo
1193 1727 1392 1774 Romani>

61 1802 276 1840 maneret,
318 1790 627 1845 hospitiumque
661 1790 861 1844 privatim
889 1791 977 1844 regi
1009 1806 1105 1831 cum
1126 1790 1392 1845 Scipionibus

63 1851 184 1897 esset,
225 1862 362 1902 neque
383 1847 596 1888 liberalius
609 1877 621 1896 ,
658 1862 796 1901 neque
817 1848 1042 1901 benignius
1060 1849 1208 1888 haberi
1230 1848 1393 1901 colique

61 1906 390 1955 adolescentem,
422 1920 547 1959 quam
572 1906 702 1945 cultus
727 1905 808 1954 eft,
838 1905 1025 1959 potuisse.
1085 1906 1150 1945 Ob
1171 1905 1281 1947 haec
1295 1917 1393 1954 cum

60 1964 292 2004 adventum
311 1965 350 2002 P.
377 1962 584 2017 Scipionis
602 1963 754 2017 legatus
776 1963 1066 2017 exspectasset,
1106 1963 1178 2004 ubi
1198 1963 1233 2003 is
1257 1961 1388 2013 venit,

60 2022 276 2063 consulem
294 2020 402 2070 adit,
432 2021 642 2077 petitque,
671 2031 717 2061 ut
735 2021 938 2062 mandata
959 2020 1136 2063 audiret.

190 2137 348 2176 XXXV.
408 2134 625 2178 Advocato
646 2135 862 2191 frequenti
882 2136 1087 2186 coneilio,
1118 2135 1241 2190 legati
1260 2134 1392 2177 verba

60 2192 156 2232 sunt
195 2192 350 2234 audita.
406 2195 471 2243 Is,
519 2193 650 2234 multis
701 2207 788 2234 ante
834 2193 1091 2251 legationibus
1140 2193 1394 2248 nequidquam

63 2250 171 2289 uitro
208 2253 385 2303 citroque
414 2251 461 2291 de
489 2264 581 2304 pace
608 2251 750 2306 misfis‚
807 2265 883 2291 eam
912 2251 1031 2306 ipsam
1059 2247 1241 2303 fiduciam
1269 2254 1392 2304 impe-

65 2305 197 2346 trandi
223 2305 296 2354 fibi
324 2307 416 2360 effe,
459 2306 602 2356 dixit,
634 2307 739 2363 quod
757 2311 913 2361 priores
931 2308 1049 2364 legati
1066 2306 1166 2348 nihil
1193 2306 1392 2361 impetras-

54 2363 156 2417 sent.
230 2363 432 2419 Smyrnam
459 2368 580 2414 enim,
640 2378 677 2404 et
715 2365 981 2420 Lampsacum,
1040 2377 1078 2405 et
1116 2363 1396 2405 Alexandriam

70 2418 282 2470 Troadem,
328 2435 365 2460 ec
408 2420 688 2478 Lysimachiam
721 2425 763 2462 in
806 2423 1001 2476 Europa,
1033 2423 1201 2477 jactatas
1232 2419 1395 2462 inillis

66 2475 410 2531 disceptationibus
446 2478 526 2533 effe.
596 2491 760 2534 quarum
792 2477 1029 2534 Lysimachia
1052 2481 1135 2537 J'am
1169 2477 1307 2535 cesfiffe
1333 2490 1398 2518 re-

404 2541 409 2547 ‘
739 2537 780 2580 T
805 2540 834 2584 3
1295 2546 1395 2593 gem,
