1548 2703
199 79 201 81 ’
248 91 280 129 L
311 92 330 128 1
362 91 396 129 B
425 90 462 130 E
490 90 530 127 R
570 89 758 128 xxxin.
810 90 929 151 Q».
950 89 1022 127 vt.
1045 88 1139 126 vn.
1308 94 1362 142 ὃς,

36 204 1148 226 ——-—-⁸----—--.—-·—-—--—-—-—-—-——--

34 240 145 292 quod
170 238 322 278 vocant
353 236 575 277 Scotussam
598 237 708 290 agri,
737 238 957 287 Quinctius
979 238 1090 274 circa
1113 237 1360 278 Thetidium

34 296 435 339 Pharsaliaestterrae
462 293 654 347 posuisset
670 293 824 343 castra,
866 305 933 332 aut
959 293 1026 340 hi,
1068 305 1137 331 aut
1165 295 1247 344 illi,
1287 296 1374 336 ubi.

32 353 159 394 hostis
196 353 322 401 esset,
377 353 470 391 satis
500 363 761 405 compertum
799 352 1051 391 habuerunt.
1113 352 1256 390 Tertio
1291 352 1360 392 die
1405 360 1409 363 ’

32 413 172 465 primo
193 412 364 450 nimbus
385 407 563 456 effusus3
591 409 694 452 dein
724 407 855 463 caligo
885 409 1020 448 noctis
1050 407 1258 449 fimillima
1277 411 1359 452 Ro-

33 482 184 508 manos
205 471 319 508 metu
340 465 584 506 insidiarum
611 467 759 505 tenuit.

154 583 246 624 VII.
301 581 513 634 Philippus
537 579 778 619 maturandi
797 581 961 620 itineris
979 580 1122 628 causa,
1163 580 1253 634 post
1285 583 1360 623 im-

36 640 153 679 brem
177 639 360 680 nubibus
382 640 429 677 in
449 650 603 677 terram
625 637 803 676 demissis
824 639 933 676 nihil
964 637 1209 687 deterritus,
1244 638 1359 692 signa

37 696 140 736 ferri
157 696 276 751 jussit.
320 695 392 741 sed
412 694 651 737 tamdensa
673 696 803 748 caligo
829 706 1118 734 occaecaverat
1145 695 1283 746 diem,
1313 708 1360 736 ut

37 768 174 807 neque
191 752 377 807 signiferi
398 753 530 801 viam,
564 767 647 792 nec
675 752 788 805 signa
818 754 970 792 milites
1001 765 1256 802 cernerent3
1293 767 1360 807 ag·

37 826 139 850 men
164 810 215 850 ad
235 812 418 850 incertos
441 810 642 849 clamores
664 824 811 862 vagum
835 812 947 850 velut
981 823 1126 848 errore
1146 823 1359 850 nocturno

36 871 283 919 turbaretur.
343 867 595 921 Supergressi
616 869 805 916 tumulos,
837 868 906 920 qui
928 868 1269 921 Cynoscephalae
1291 884 1360 908 vo-

36 937 210 974 cantur,
247 926 394 971 relicta
424 925 480 964 ibi
506 925 680 964 statione
712 925 832 963 firma
857 923 1043 978 peditum
1077 927 1360 979 equitumque,

35 983 262 1038 posuerunt
282 983 421 1021 castra.
464 983 685 1021 Romanus
704 981 862 1021 eisdem
885 982 938 1020 ad
950 982 1197 1025 Thetidium
1217 983 1358 1023 castris

37 1055 129 1079 cum
161 1040 200 1079 se
232 1040 449 1089 tenuisset,
491 1041 750 1093 exploratum
774 1051 940 1088 tamen,
984 1040 1055 1078 ubi
1087 1040 1210 1080 hostis
1240 1041 1356 1091 esset,

36 1097 179 1137 decem
200 1108 353 1136 turmas
376 1098 557 1150 equitum
590 1108 629 1135 et
658 1097 775 1135 mille
802 1096 962 1150 pedites
994 1096 1121 1146 misit,
1162 1099 1360 1147 monitos,

36 1167 82 1194 ut-
110 1158 160 1194 ab
183 1154 366 1203 insidiis,
405 1169 502 1207 quas
537 1154 626 1193 dies
656 1153 849 1192 obscurus
881 1155 1035 1207 apertis
1066 1170 1229 1207 quoque
1259 1157 1359 1196 locis

39 1223 221 1252 tecturus
242 1212 355 1259 esset,
378 1222 692 1265 praecaverent.
739 1211 821 1249 Ubi
844 1222 1018 1249 ventum
1035 1211 1087 1250 ad
1108 1211 1278 1252 insessos
1299 1225 1360 1252 tu-

37 1271 170 1310 mulos·
192 1269 269 1318 est,
307 1283 460 1323 pavore
480 1280 623 1308 mutuo
648 1267 802 1320 injecto
821 1269 930 1307 velut
961 1279 1174 1321 torpentes
1194 1272 1358 1321 quieve-

36 1337 150 1365 runt.
206 1327 331 1374 dein,
364 1327 525 1365 nuntiis
548 1336 661 1364 retro
680 1326 727 1363 in
748 1325 877 1363 castra
898 1324 950 1363 ad
974 1325 1097 1366 duces
1115 1327 1256 1376 missis,
1286 1329 1359 1369 ubi

37 1379 195 1438 primus
217 1395 352 1430 terror
371 1385 422 1421 ab
444 1384 696 1437 necopinato
724 1382 810 1421 visu
834 1383 1044 1431 consedit,
1082 1398 1174 1422 non
1203 1385 1358 1426 diutius

36 1442 266 1481 certamine
288 1441 538 1481 abstinuere.
578 1441 788 1494 Principio
810 1455 833 1478 a
852 1441 992 1494 paucis
1013 1444 1358 1493 procurrentibus

37 1498 216 1538 lacessita
244 1512 384 1554 pugna
417 1498 497 1547 est,
555 1496 713 1537 deinde
750 1497 936 1537 subfidiis
974 1500 1182 1537 tuentium
1222 1499 1358 1554 pulsos

37 1567 178 1596 aucta:
206 1557 269 1603 *in
297 1570 377 1610 qua
412 1570 504 1594 cum
533 1555 853 1608 haudquaquam
886 1569 1006 1609 pares
1036 1558 1222 1596 Romani
1254 1558 1357 1597 alios

38 1612 160 1667 super
188 1615 288 1654 alios
318 1614 490 1652 nuntios
521 1612 574 1651 ad
602 1612 749 1651 ducem
787 1614 1025 1662 mitterent,
1076 1615 1213 1667 premi
1252 1614 1359 1664 sese;

39 1672 258 1724 quingenti
285 1672 438 1724 equites
465 1681 505 1709 et
536 1670 618 1709 duo
646 1670 778 1708 millia
810 1670 1022 1723 peditum,
1066 1673 1246 1711 maxime
1275 1671 1358 1712 Ae-

40 1728 239 1777 tolorum,
280 1743 376 1768 cum
406 1727 564 1767 duobus
593 1724 773 1767 tribunis
808 1729 983 1766 militum
1014 1743 1192 1783 piopere
1220 1729 1357 1780 missa,

38 1799 130 1824 rem
151 1786 398 1825 inclinatam
420 1782 711 1825 restituerunt:
740 1785 935 1838 versaque
956 1784 1140 1837 fortuna,
1164 1786 1358 1826 Macedo-

40 1856 117 1883 nes
136 1844 373 1891 laborantes
386 1857 506 1896 opem
520 1843 625 1895 regis
643 1856 720 1896 per
740 1844 911 1882 nuntios
930 1843 1226 1896 implorabant.
1259 1844 1357 1896 sed,

39 1911 85 1938 ut
114 1902 185 1954 qui
214 1901 321 1941 nihil
355 1901 492 1940 minus
518 1902 589 1939 illo
620 1900 688 1939 die
718 1910 890 1954 propter
913 1899 1087 1939 offusam
1118 1903 1356 1955 calioinem,

12 1981 15 1984 -
40 1972 165 2013 quam
195 1959 423 2013 proelium,
448 1956 758 2011 exspectasset,
806 1970 956 2010 magna
987 1970 1104 2010 parte
1134 1960 1359 1999 hominum

40 2017 177 2056 mnnis
200 2017 367 2069 generis
387 2016 626 2070 pabulatum
646 2014 787 2064 missa,
830 2015 1083 2080 aliquamdiu
1113 2018 1235 2070 inops
1258 2030 1357 2057 eon-

39 2068 118 2117 filii
137 2072 380 2127 trepidavit:
413 2072 592 2121 deinde
622 2072 838 2126 postquam
869 2073 1010 2111 nuntii
1041 2073 1278 2125 instabant,
1317 2084 1360 2114 et

38 2131 121 2184 jam
150 2131 242 2184 juga
272 2131 481 2169 montium
509 2129 723 2170 detexerat
760 2131 936 2178 nebula,
981 2141 1021 2170 et
1054 2131 1103 2171 in
1133 2131 1359 2184 conspectu.

40 2199 164 2230 erant
191 2187 465 2237 Macedones,
518 2188 568 2227 in
597 2189 801 2227 tumulum
842 2189 1024 2227 maxime
1055 2188 1213 2229 editum
1243 2191 1358 2229 inter

42 2247 141 2286 alios
169 2244 389 2299 compulsi,
427 2247 517 2284 loco
545 2245 585 2285 se
613 2246 764 2299 magis,
804 2259 928 2298 quam
959 2247 1109 2296 armis,
1155 2257 1362 2296 tutantem

43 2303 382 2343 committendam
405 2317 545 2342 rerum
578 2301 781 2343 summam
810 2304 859 2342 in
889 2301 1120 2344 discrimen
1145 2315 1361 2357 uteunque

42 2370 178 2410 ratus,
185 2374 266 2400 ne
285 2362 414 2413 partis
430 2359 678 2400 indefensae
698 2363 852 2414 jactura
874 2360 1013 2409 fieret,
1044 2361 1359 2416 Athenagoram

44 2416 192 2464 ducem
204 2416 397 2465 mercede
408 2415 681 2457 militantium
699 2433 793 2458 cum
814 2419 1022 2467 omnibus,
1049 2430 1213 2473 praeter
1229 2421 1362 2458 Thra·

44 2487 134 2525 cas,
174 2475 358 2525 auxiliis,
397 2486 437 2516 et
465 2477 648 2530 equitatu
679 2475 961 2517 Macedonum
991 2490 1039 2515 ac
1069 2476 1361 2518 Thessalorum

718 2533 748 2573 F
778 2536 804 2581 5
1220 2535 1359 2574 mittit,
