1548 2703
261 75 538 114 LIBROR.
589 71 1181 115 DEPERDITORUM.
1298 75 1380 128 693

45 234 196 274 qnoque
218 221 288 271 est,
319 234 364 262 ut
391 221 698 276 congemimus,
720 217 828 271 filius
849 221 954 273 ejus,
977 218 1279 275 ‚comprehensus
1301 221 1378 261 Ro-

44 292 134 317 mam
174 281 417 318 mitteretur.
489 276 721 332 Allobroges
759 279 799 315 in
839 275 1071 315 deditionem
1110 281 1276 331 accepti,
1329 278 1377 317 L.

52 335 250 386 Opimius,
304 331 496 389 accusatus
535 333 645 387 apud
684 332 871 386 populum
911 348 933 372 a
965 333 1016 383 Q.
1052 333 1175 372 Decio
1217 331 1376 374 tribuno

44 391 189 445 plebis,
231 392 337 445 quod
366 391 605 432 indemnatos
636 393 750 431 cives,
769 393 810 431 in
831 403 1021 430 carcerem
1044 390 1282 445 conjeciffet,
1315 391 1377 432 ab·

36 449 69 502 s
63 449 189 490 elutus
211 449 271 500 est.

435 528 451 539 -r

640 536 784 581 LXII.

53 611 122 696 Q·
151 633 330 674 Marcius
351 633 479 687 consul
500 633 683 684 Stoenos,
715 646 863 690 gentem
886 633 1085 687 Alpinam,
1117 637 1376 690 expugnavit.

48 693 237 746 Micipsa,
286 691 549 731 Numidarum
581 707 677 741 rex,
719 704 902 730 mortuus
934 705 1098 749 regnum
1130 693 1254 731 tribus
1279 690 1380 742 filiis

49 751 234 804 reliquit,
266 748 491 795 Adherbali,
517 749 754 803 J‘Iiemqafhli‚
788 761 824 788 et
842 746 1084 803 Iugurthae,
1106 749 1260 802 fratris
1279 747 1382 800 filio,

46 823 155 863 quem
176 808 449 861 adoptaverat.
511 806 556 844 L.
584 805 776 846 Caecilius
798 805 981 844 Metellus
999 806 1200 847 Dalmatas
1211 806 1383 862 subegit.

47 863 250 920 Iugurtha
274 863 523 917 Hiempsalem
546 863 717 913 fratrem
738 862 831 902 bello
855 866 998 916 petiit,
1030 877 1138 917 quem
1159 868 1301 904 victum
1325 877 1383 902 oc-

47 923 165 962 cidit:
199 920 448 960 Adherbalem
470 935 590 976 regno
616 920 797 974 expulit:
829 921 862 958 is
884 935 905 959 a
930 924 1064 970 senatu
1097 921 1300 970 restitutus
1323 917 1394 970 ell.=

49 980 94 1019 L.
125 979 310 1019 Caecilius
337 977 540 1026 Metellus,
580 977 651 1017 Cn.
677 978 881 1018 Domitius
912 976 1215 1028 Ahenobarbus,
1259 980 1383 1031 censo.

48 1051 132 1087 res,
172 1040 265 1076 duos
300 1048 336 1074 et
368 1039 538 1090 triginta
561 1034 697 1090 senatu
728 1048 945 1074 moverunt.
1017 1035 1230 1076 Praeterea
1259 1048 1383 1077 motus

51 1094 192 1151 Syriae
219 1106 354 1149 regum
375 1095 559 1132 continet.

639 1195 805 1245 LXIII.

55 1274 169 1333 Cato
213 1293 378 1333 Porcius
409 1291 538 1347 consul
566 1295 606 1332 in
639 1290 802 1332 Thracia
832 1292 924 1333 male
951 1293 1136 1348 adversus
1161 1293 1383 1347 Scordiscos

49 1354 255 1406 pugnavit.
335 1349 515 1400 Lustrum
551 1364 573 1389 a
614 1350 830 1404 censoribus
878 1351 1073 1391 conditum
1126 1351 1187 1401 est.
1266 1351 1383 1405 (ensa

40 1410 137 1465 sum
185 1411 322 1448 civium
365 1411 487 1459 capita
538 1420 711 1446 trecenta
762 1412 976 1462 nonaginta
1021 1422 1194 1461 quatuor
1244 1407 1379 1458 millia,

48 1478 218 1506 trecenta
257 1468 426 1520 triginta
460 1465 546 1518 sex.
615 1463 798 1514 Aemilia,
847 1466 1018 1516 Lirinia,
1064 1466 1243 1511 .Marcia‚
1297 1468 1381 1504 vir-

26 1526 158 1580 ‘gines
201 1522 386 1574 Vestales,
449 1521 577 1571 incesti
629 1521 821 1561 damnatae
854 1523 976 1576 sunt:
1040 1524 1157 1577 idque
1204 1521 1383 1572 incestum

48 1581 358 1634 quemadmodum
390 1593 426 1619 et
456 1578 701 1632 commiffum,
738 1592 775 1618 et
813 1578 1113 1635 deprehensum,
1154 1595 1191 1620 et
1213 1580 1383 1620 vindica-

49 1653 131 1678 tum
158 1637 236 1687 fit,
268 1638 463 1690 refertur.
528 1621 700 1682 Cimbri,
746 1651 838 1691 gens
869 1641 1008 1691 vaga‚'
1041 1638 1309 1691 populabundi
1340 1640 1381 1676 in

53 1696 258 1752 Illyricum
281 1707 498 1734 venerunt:
538 1694 585 1733 ab
615 1697 664 1733 iis
687 1693 876 1745 Papirius
913 1694 1038 1734 Carbo
1059 1696 1197 1749 consul
1215 1698 1294 1734 cum
1316 1709 1383 1734 ex-

52 1757 177 1792 ercitu
200 1753 319 1807 fusus
353 1752 412 1802 est.
496 1751 634 1790 Livius
666 1751 825 1804 Drusus
853 1751 980 1804 confitl
1007 1752 1190 1804 adversus
1223 1751 1382 1791 Scordi·

44 1815 150 1863 scos,
180 1823 329 1866 gentem
358 1823 380 1850 a
410 1807 534 1848 Gallis
564 1808 791 1854 oriundam,
834 1811 873 1849 in
909 1808 1075 1859 Thracia
1094 1809 1276 1863 feliciter
1307 1821 1380 1863 pu-

51 1880 199 1925 gnavtt.

629 1968 791 2013 LXIV.

52 2049 300 2116 Adherbal,
338 2063 431 2104 bello
462 2067 612 2118 petitus
641 2079 663 2105 a
685 2063 909 2121 Jugurtlza,
941 2077 978 2104 et
1007 2068 1046 2104 in
1077 2065 1227 2119 oppido
1263 2063 1378 2120 Cirta

53 2126 234 2180 obsessus,
286 2135 421 2163 contra
457 2123 783 2163 denunciationem
811 2125 962 2176 senatus
989 2122 1035 2162 ab
1078 2137 1116 2161 eo
1143 2121 1284 2175 occisus
1317 2121 1378 2172 est.

59 2184 115 2223 Ob
143 2180 212 2222 hoc
243 2180 316 2233 ipsi
357 2176 580 2235 Iugurthae
616 2179 750 2220 bellum
787 2180 999 2220 indictum:
1060 2179 1176 2232 idque
1213 2178 1381 2232 Calpur-

55 2245 143 2280 nius
186 2237 308 2289 Bestia
352 2235 479 2290 consul
505 2251 655 2292 *gerere
686 2238 836 2292 juffus,
896 2232 1019 2290 pacem
1058 2250 1137 2275 cum
1176 2233 1379 2291 Jugurtha

51 2295 192 2352 injuffu
233 2293 374 2349 populi
409 2307 446 2350 et
464 2293 623 2347 senatus
652 2294 773 2347 fecit.
841 2292 1069 2350 Iugurtha,
1109 2291 1189 2345 fide
1229 2292 1379 2343 publica

10 2385 13 2386 γ
55 2366 230 2394 evocatus
284 2351 334 2391 ad
388 2351 610 2390 indicandos
674 2364 850 2392 auctores
908 2349 1154 2397 consiliorum
1201 2349 1377 2403 suorum,

52 2411 158 2465 quod
186 2409 324 2450 mttltos
354 2410 518 2461 pecunia
549 2410 589 2446 in
610 2407 744 2461 senatu
776 2407 993 2462 corrupiffe
1024 2406 1246 2455 dicebatur,
1303 2405 1378 2445 Ro·

51 2469 333 2524 mam'venit-:V
361 2478 419 2516 et,
472 2474 643 2520 propter
683 2466 852 2515 eaedem,
897 2463 1088 2518 admiffam
1127 2467 1168 2504 in
1203 2462 1379 2518 regulum

437 2522 446 2531 ”
740 2526 815 2563 Xx
842 2526 871 2570 3
1254 2533 1380 2573 quem-
