1548 2703
222 92 274 132 LI
284 93 318 131 B
330 91 366 131 E
379 92 418 131 R
449 90 630 132 XXXIV.
699 92 732 131 C
744 106 767 131 A
780 105 811 131 P.
846 91 1009 151 XLVII.
1044 87 1230 129 XLVIII.
1315 87 1400 133 165

422 162 475 200 U.
499 163 543 200 C.
567 165 680 207 558..
733 175 767 200 a.
788 162 832 199 C.
857 160 910 199 N.
940 160 1034 212 194.

62 213 1113 232 ....--..-.-—--.—..--..--...-..-

62 256 104 284 et
128 246 185 285 M.
205 241 422 290 Atinium,
472 251 512 279 et
530 242 568 280 P.
591 240 913 294 Sempronium,
957 241 1188 295 praefectos
1217 236 1393 278 focium»

60 314 100 341 et
114 302 316 341 ducentos
335 299 472 338 ferme
490 298 655 337 milites.
688 299 818 352 Capta
838 300 889 337 ab
904 312 953 338 ea
962 311 1082 353 parte
1104 297 1236 337 castra
1252 303 1390 348 erant,

60 359 200 399 donec
223 358 372 398 cohors
395 355 746 404 extraordinaria,
772 356 926 395 miffaa
943 356 1109 396 consule
1121 351 1391 394 adtuendam

20 443 33 453 κ
60 416 336 473 quaestoriam
357 425 539 468 portam,
571 423 612 452 et
632 426 710 462 eos,
734 413 803 467 qui
821 414 939 453 intra
959 413 1115 454 vallum
1134 420 1271 459 erant,
1291 423 1388 464 pan

59 475 136 514 tim
166 474 339 522 occidit,
388 471 544 525 partim
574 471 744 524 expulit
770 471 934 521 castris,
981 482 1022 510 et
1048 467 1388 522 irrumpentibus

58 532 227 571 obstitit.
284 529 443 570 Eodem
471 527 561 567 fere
592 540 783 582 tempore
812 540 854 568 et
880 540 1027 583 quarta
1044 529 1151 583 legio
1170 540 1266 567 cum
1286 523 1384 563 dua.-

61 592 138 629 lms
171 586 516 628 extraordinariis
547 586 786 625 cohortibus
814 598 937 640 porta
966 587 1116 641 erupit.
1175 585 1234 624 ita
1262 580 1381 621 fimul

55 648 139 688 tria
167 646 325 701 proelia
338 645 371 683 ci
381 659 447 682 rca
469 644 599 682 castra
616 644 715 682 locis
725 643 970 684 distantibus
988 655 1135 683 erant:
1165 643 1383 681 clamores·

57 721 136 759 que
150 703 304 744 dissoni
324 702 376 742 asl
395 702 581 741 incertos
601 701 769 740 suorum
782 713 953 742 eventus
973 717 998 742 a
1018 700 1232 757 praesenti
1252 708 1381 737 certa·

56 764 176 802 mine
199 762 364 800 animos
387 759 668 814 pugnantium
704 761 962 800 avertebant.
1023 762 1162 813 Usque
1182 757 1235 798 ad
1254 754 1381 795 meri-

55 821 167 860 diem
191 819 328 872 aequis
350 818 525 866 viribus,
568 833 614 856 ac
640 832 774 871 prope
800 818 891 871 pari
912 818 1006 872 spe,
1045 828 1277 871 pugnatum
1306 812 1380 851 est.

52 879 170 918 labor
191 888 231 916 et
254 876 380 915 aestus
390 875 535 914 mollia
556 886 596 913 et
621 874 746 914 fluida
767 890 943 929 corpora
961 876 1206 923 Gallorum,
1244 883 1283 911 et
1300 869 1380 910 mi·

51 936 169 976 nime
188 934 392 989 patientia
410 932 513 980 fitis,
552 947 647 972 cum
677 932 881 972 decedere
909 947 1050 987 pugna
1072 931 1283 986 coe'giss‘et,
1326 928 1380 968 in.

52 1007 202 1050 paucos
232 992 435 1030 restantes
464 991 668 1044 impetum
705 991 890 1029 Romani
916 991 1134 1040 fecerunt,
1188 988 1379 1040 fusosque

52 1051 348 1105 compulerunt
366 1049 414 1087 in
437 1048 579 1088 castra.
644 1049 817 1101 Signum
836 1048 939 1087 inde
957 1048 1139 1103 receptui
1163 1063 1186 1087 a
1204 1044 1381 1086 consule

54 1108 197 1149 clatum
219 1108 300 1156 est3
340 1106 393 1145 ad
423 1104 535 1159 quod.
562 1119 660 1159 pars
692 1107 826 1159 major
846 1117 1102 1159 receperunt
1121 1106 1224 1154 sese3
1262 1114 1378 1157 paYS,

50 1165 291 1207 certaminis
309 1164 443 1204 studio
455 1173 496 1202 et
512 1163 582 1216 spe
602 1163 796 1218 potiundi
821 1164 961 1203 castris
979 1164 1159 1202 hostium
1171 1192 1183 1211 ‚
1227 1159 1373 1215 persti-

51 1226 99 1264 tit
118 1225 171 1263 ad
198 1224 364 1263 vallum.
424 1221 584 1260 Eorum
615 1221 820 1274 paucitate
849 1232 1082 1270 contemta,
1132 1218 1246 1260 Galli
1279 1215 1374 1257 uni·

49 1282 157 1323 versi
177 1296 230 1320 ex
251 1279 389 1319 castris
408 1289 662 1331 eruperunt:
700 1277 775 1317 fusi
796 1278 900 1318 inde
922 1279 1127 1328 Romani,
1167 1290 1270 1331 quae
1293 1275 1372 1314 im-

16 1364 20 1373 .
47 1339 167 1395 perio
186 1336 363 1377 consulis
382 1337 625 1385 noluerant,
654 1336 724 1375 suo
734 1351 890 1390 pavore
912 1351 959 1375 ac
979 1347 1143 1376 terrore
1166 1335 1369 1374 castrare·

46 1408 208 1452 petunt.
269 1395 326 1434 ita
346 1393 462 1434 varia
482 1392 587 1433 hinc
607 1405 727 1446 atque
747 1393 868 1433 illinc
888 1408 1008 1433 nunc
1027 1393 1143 1447 fuga,
1174 1406 1294 1432 nunc
1311 1390 1369 1431 vi·

48 1454 178 1495 ctoria
199 1452 287 1492 fuit.
348 1452 572 1491 Gallorum
592 1463 736 1491 tamen
756 1450 809 1490 ad
829 1451 1030 1491 undecim
1041 1451 1186 1500 millia,
1216 1451 1369 1489 Roma.

47 1527 203 1552 norum
222 1509 405 1563 quinque
431 1508 586 1559 millia,
624 1509 722 1550 [unt
740 1509 883 1549 occisa.
943 1510 1058 1550 Galli
1087 1521 1287 1564 recepere
1314 1505 1366 1550 iu

47 1571 197 1612 intima
215 1568 364 1608 finium
385 1566 480 1608 sese.

154 1683 338 1724 XLVIII.
371 1681 523 1722 Consul
544 1679 797 1722 Placentiam
816 1682 999 1736 legiones
1020 1680 1150 1721 duxit.
1208 1677 1365 1734 Scipio·

46 1756 149 1781 nem
168 1741 257 1790 alii,
296 1742 521 1796 conjuncto
543 1741 727 1779 exercitu
745 1755 841 1779 cum
861 1741 1037 1795 collega,
1066 1753 1143 1794 per
1162 1735 1363 1792 Bojorum

46 1801 320 1853 Ligurumque
357 1812 475 1852 agros
519 1799 792 1852 populantem
839 1798 935 1847 isse,
995 1795 1131 1851 quoad
1160 1781 1361 1849 progredi

44 1857 167 1897 [ilvae
182 1855 433 1911 paludesque
453 1856 591 1911 passae
611 1854 704 1905 lint,
725 1855 936 1894 scribunt:
968 1856 1050 1904 alii,
1070 1854 1187 1894 nulla
1204 1865 1360 1892 memo·

45 1914 167 1953 rabili
178 1928 225 1953 re
236 1913 355 1967 gesta,
380 1914 644 1952 comitiorum
655 1913 774 1952 causa
790 1912 958 1952 rediisse
970 1915 1164 1952 Romam.
1194 1909 1361 1950 Eodem

43 1973 124 2012 hoc
145 1985 263 2011 anno
284 1972 335 2009 T.
359 1971 577 2022 Quinctius
595 1970 752 2010 Elatiae
766 2000 778 2020 ‚
815 1985 894 2025 quo
911 1971 961 2009 in
982 1971 1164 2010 hiberna
1183 1967 1359 2007 reduxe-

42 2041 110 2069 rat
126 2030 273 2083 copias,
296 2038 427 2068 totum
448 2028 596 2068 hiemis
622 2039 784 2081 tempus
804 2030 896 2083 jure
915 2027 1101 2068 dicundo
1121 2023 1360 2073 consumsit,

41 2087 335 2140 mutandisque
361 2086 424 2136 iis,
450 2101 552 2140 quae
574 2096 643 2125 aut
657 2085 779 2139 ipIius
797 2085 1002 2140 Philippi,
1041 2096 1110 2125 aut
1128 2083 1359 2139 praefecto·

41 2160 138 2185 rum
160 2147 244 2201 ejus
262 2144 433 2184 licentia
461 2145 511 2184 in
533 2143 762 2183 civitatibus
789 2142 899 2182 facta
925 2156 1069 2192 erant,
1108 2158 1224 2191 cum,
1262 2141 1359 2180 suae

42 2202 235 2243 factionis
254 2201 481 2242 hominum
495 2202 602 2243 vires
625 2198 826 2254 augendo,
856 2202 916 2256 jus
939 2216 986 2240 ac
1003 2202 1240 2241 libertatem
1260 2199 1358 2238 alio·

41 2265 137 2300 rum
164 2259 432 2314 deprimeret.
491 2259 612 2299 Veris
651 2258 773 2297 initio
818 2260 1095 2308 Corinthum,
1144 2267 1357 2298 conventu

41 2317 197 2367 edicto,
235 2317 364 2358 venit.
420 2317 480 2357 ibi
501 2316 694 2356 omnium
712 2316 923 2356 civitatum
942 2317 1167 2371 legationes
1187 2316 1236 2355 in
1256 2328 1356 2354 con-

42 2374 174 2413 cionis
196 2374 369 2414 ‘modum
394 2373 664 2415 'circumfusas
694 2373 754 2412 est
783 2374 1017 2424 allocutus-3,
1044 2374 1155 2414 orsus
1177 2375 1228 2413 ab
1247 2373 1357 2412 inita.

40 2432 226 2486 primum
237 2433 438 2472 Romanis
457 2431 636 2472 amicitia
655 2446 749 2472 cum
769 2432 1032 2472 Graecorum
1052 2444 1188 2485 gente,
1219 2442 1260 2470 et
1278 2430 1354 2470 im-

42 2500 281 2546 peratorum
294 2519 307 2541 ,
345 2491 415 2546 qui
431 2501 532 2534 ante
550 2490 591 2529 se
620 2489 668 2529 in
685 2490 938 2532 Macedonia
962 2490 1155 2540 fuissent,
1197 2488 1358 2541 suisque

697 2548 728 2588 L
758 2550 786 2594 5
1232 2550 1358 2590 rebus
