1548 2703
100 66 188 109 720
478 23 513 62 ‘¹
600 45 953 87 EPITOMAE

687 252 874 298 CXXII.

109 322 212 386 M.
245 345 402 386 Brutus
440 340 627 396 adversus
670 337 840 382 Tltracas
872 353 1017 394 parum
1047 340 1236 396 prospere
1263 355 1344 382 rem
1371 346 1449 399 ges·

104 402 185 452 sit:
254 401 502 453 omnibusque
550 400 822 439 transmarinis
866 401 1085 452 provinciis
1136 400 1449 454 exercitibusque

110 463 154 500 in
184 459 406 515 potestatem
436 460 516 510 ejus
548 468 585 496 et
619 454 661 494 C.
701 454 823 511 Cassii
859 455 1052 505 redactis,
1101 459 1279 497 coierunt
1312 456 1449 512 Smyr-

110 532 180 558 nae
212 529 376 569 uterque
405 514 456 554 aol
488 511 711 553 ordinanda
739 512 827 552 belli
848 511 995 564 futuri
1021 513 1186 562 consilia.
1247 513 1310 554 M.
1343 512 1450 568 Mes-

100 574 221 632 sallae
256 571 491 628 Puplicolam
514 572 691 626 fratrent
730 572 877 612 victum
912 574 1099 612 communi
1132 568 1285 620 consilio
1312 571 1451 613 condo-

110 643 326 674 naverunt·

678 731 885 778 CXXIII.

117 796 227 862 Sex.
254 821 484 876 Pompejus,
512 816 654 875 Magni
668 815 801 870 filius,
835 816 949 858 lectis
978 830 1028 857 ex·
1051 817 1181 871 Epiro
1211 817 1451 874 proscriptis

111 890 155 920 σε
177 880 403 934 fugitivis,
440 890 523 917 cum
565 878 741 915 exercitu
776 875 867 926 diu,
899 874 982 922 fine
1024 875 1102 916 ulla
1131 875 1206 916 loci
1232 878 1453 931 cujusquam

113 936 363 992 poffesfione,
393 933 605 990 praeclatus
640 936 680 973 in
711 935 836 983 mari,
866 931 1077 985 Meffanam
1108 933 1292 987 oppidum
1321 939 1361 974 in
1392 933 1475 974 Sis

113 994 203 1035 cilia
230 997 426 1048 primum,
477 990 612 1030 deinde
651 1002 769 1031 totam
806 993 1051 1046 provinciam
1081 994 1309 1045 occupavit:
1359 994 1453 1032 occi-

106 1051 230 1108 soque
265 1051 313 1090 A.
348 1049 532 1103 Pompejo
577 1045 788 1104 Bithynico
833 1060 1043 1102 praetore,
1103 1048 1153 1101 Q.
1189 1046 1454 1090 Salvidienum

115 1109 283 1166 legatum
329 1106 505 1161 Caesaris
542 1104 667 1145 navali
704 1103 858 1158 proelio
905 1108 1016 1146 vicit.
1097 1106 1238 1159 Caesar
1287 1119 1326 1147 et
1368 1109 1452 1147 An-

118 1171 251 1208 tonius
285 1179 368 1206 cum
405 1163 639 1204 exercitibus
678 1164 719 1201 in
764 1161 965 1203 Graeciam
1001 1166 1270 1213 trajecerunt,
1317 1164 1454 1206 bellun

118 1237 255 1265 contra
290 1222 460 1262 Brutum
499 1234 536 1260 et
577 1219 743 1275 Cassium
791 1219 952 1276 gesturi.
1033 1221 1084 1273 Q.
1127 1219 1364 1274 Cornificius
1410 1226 1452 1263 in

117 1282 264 1336 Africa
308 1279 351 1320 T.
385 1277 569 1331 Sestium,
623 1275 887 1333 Cassianarum
921 1281 1102 1333 partium
1136 1279 1290 1332 placem,
1336 1294 1452 1335 proe-

118 1339 171 1382 lio
193 1339 308 1382 vicit.
1451 1362 1455 1366 .

688 1440 724 1485 C
732 1439 894 1484 XXIV.

126 1507 196 1567 C·
228 1526 370 1582 Caefitr
401 1537 440 1567 et
468 1525 666 1567 Antonius
695 1526 807 1581 apud
838 1525 1050 1580 Philippos
1079 1528 1188 1566 vario
1213 1540 1350 1569 eventu
1383 1528 1450 1569 ad-

116 1586 253 1641 versus
274 1585 445 1625 Brutum
466 1597 503 1624 et
528 1584 692 1639 Cassium
712 1597 1006 1640 pugnaverunt,
1028 1588 1137 1624 itaut
1151 1585 1294 1638 dextra
1304 1590 1450 1627 utrius·

116 1658 192 1698 que
223 1656 369 1683 cornua
398 1646 622 1692 vincerent,
671 1654 709 1682 et
743 1641 864 1693 castra
899 1655 1046 1696 quoque
1078 1646 1263 1696 utrinque
1299 1645 1345 1684 ab
1371 1647 1422 1685 iis
1431 1660 1449 1693 ;

118 1705 190 1756 qui
235 1704 431 1749 vicerant,
487 1713 828 1756 expugnarentur.
911 1699 987 1739 Sed
1034 1701 1264 1754 inaequalem
1304 1701 1450 1755 fhrtu.

116 1774 202 1799 nam
244 1761 422 1813 partium
459 1772 558 1798 mors
604 1755 719 1812 Caffii
748 1757 879 1811 fecit:
924 1759 1016 1812 qui,
1067 1770 1149 1797 cum
1179 1761 1220 1797 in
1251 1773 1293 1798 eo
1323 1774 1450 1800 cornu

105 1816 272 1871 fuiffet‚
308 1815 416 1869 quod
451 1815 603 1870 pulsum
633 1827 743 1863 erat,
773 1828 897 1855 totum
928 1817 1142 1855 exercitum
1154 1815 1291 1870 fusum
1319 1830 1448 1868 ratus,

114 1888 276 1916 mortem
289 1872 363 1922 fibi
385 1871 580 1926 conscivit.
619 1872 760 1913 Altero
783 1872 919 1913 deinde
937 1872 1089 1926 proelio
1112 1877 1238 1914 victus
1256 1873 1323 1918 M.
1344 1875 1447 1915 Bru.

113 1945 180 1973 tus
201 1945 239 1971 et
259 1931 337 1985 ipse
359 1934 477 1971 vitam
490 1929 643 1983 finivit,
672 1943 833 1970 exorato
864 1929 1050 1971 Stratone
1064 1930 1192 1987 fugae
1211 1935 1347 1972 comite
1361 1962 1373 1982 ,
1400 1946 1447 1973 ut

104 1989 181 2040 fibi
202 1988 376 2045 gladium
394 1988 585 2045 adigeret.
650 1987 1154 2041 Romanorum‘principum
1174 1992 1334 2029 circiter
1354 2005 1446 2044 qua-

114 2047 327 2103 draginta,
371 2047 471 2088 idem
493 2046 707 2100 fecerunt.-
749 2049 855 2086 inter
883 2059 981 2100 quos
1014 2046 1066 2098 Q.
1087 2046 1321 2096 Hortensius
1350 2051 1445 2091 occi·

103 2106 176 2161 sus
207 2103 271 2156 est.

272 2189 274 2191 ’
685 2207 875 2258 cxxv.

95 2274 189 2335 ·C.
223 2295 389 2351 Caesar,
422 2294 557 2336 relicto
590 2294 784 2345 Antonio,
829 2295 1112 2336 transmarinae
1140 2296 1366 2348 provinciae
1392 2309 1442 2337 ex

108 2367 226 2407 parte
256 2356 457 2406 imperium
487 2356 522 2392 ei
552 2351 679 2407 cessit:
729 2353 907 2406 reversus
937 2357 977 2393 in
1009 2351 1189 2402 Italiam,
1241 2357 1442 2395 veteranis

106 2425 228 2467 agros
257 2410 401 2461 divisit.
461 2410 679 2451 seditiones
721 2414 919 2451 exercitus
939 2411 1028 2466 sui,
1079 2422 1174 2462 quas
1202 2413 1393 2464 corrupti
1417 2424 1442 2452 a

107 2468 273 2522 Fulvia,
332 2469 397 2511 Μ.
428 2469 596 2510 Antonii
634 2482 784 2520 uxore,
841 2469 986 2511 milites
1019 2467 1204 2521 adversus
1232 2470 1440 2523 imperato-

1356 2539 1440 2568 rent
