1548 2703
134 58 220 105 562
360 54 570 96 LIBER
600 57 727 97 XLII.
787 58 898 97 ΕΑΒ.
936 60 1080 98 LXIII.
1110 60 1253 105 LXIV.

226 126 232 127 ’
418 123 465 165 U.
499 128 542 165 C.
576 129 672 172 581.
845 140 880 165 a.
913 128 958 166 C.
989 129 1042 166 N.
1080 141 1170 178 17¹·

135 180 395 193 *—
1200 185 1464 197 ——---—--—”

107 210 114 220 ¹
137 216 312 261 poterat.
372 205 464 260 Ipse
495 208 546 245 ab
578 220 626 245 ea
649 218 792 260 parte,
832 221 911 260 qua
937 205 1044 245 duae
1075 220 1229 257 turres,
1267 206 1460 260 quodque

137 265 261 308 inter,
275 276 342 302 eas
363 264 474 303 muri
495 275 716 317 prorutum
733 263 890 313 suerat,
926 263 1008 303 duo
1030 265 1159 303 millia
1186 265 1364 303 militum
1389 264 1459 303 de·

136 322 342 363 lectorum
370 320 576 371 admovit;
612 331 654 360 ut
682 320 832 360 eodem
854 331 1066 374 tempore,
1101 336 1182 374 quo
1212 321 1296 374 ipse
1325 329 1459 361 trans*-

135 376 342 418 scendere
359 379 505 417 ruinas
524 389 761 425 conaretur,
790 377 994 417 concursu
1013 377 1207 418 adversus
1226 378 1266 416 se
1289 375 1469 431 oppida·¹
1530 379 1534 407 ἓ

138 448 293 480 :norum
314 433 437 484 facto,
454 434 570 475 scalis
590 449 716 474 vacua
734 434 1021 475 defensoribus
1038 436 1209 475 moenia
1228 436 1320 487 capi
1340 446 1460 488 parte

140 492 277 546 aliqua
289 491 474 546 possent.
530 492 658 532 ‚Haud
678 492 858 545 segniter
876 492 1082 547 oppidani
1105 494 1187 532 vim
1209 492 1294 545 ejus
1316 505 1460 534 arcere

138 559 304 602 parant.
340 562 443 589 nam
461 549 585 604 super
602 550 771 589 stratum
793 552 928 590 ruinis
950 551 1100 599 locum,
1133 549 1309 589 fascibus
1331 548 1458 588 aridis

136 607 445 647 sarmentorum
466 609 643 661 injectis,
662 608 814 647 stantes
834 623 929 646 cum
950 607 1196 659 ardentibus
1218 605 1377 646 facibus
1396 621 1460 649 aeq

137 663 337 712 censuros
358 679 406 703 ea
424 664 464 704 se
485 665 606 719 saepe
625 667 911 722 minabantur,
936 676 994 714 ut,
1017 664 1222 705 incendio
1239 663 1458 718 inter-septi

138 723 190 761 ab
209 721 337 771 hoste,
356 722 532 776 spatium
553 722 607 762 ad
626 723 912 776 objiciendum
933 724 1184 763 interiorem
1201 736 1369 762 murum
1388 722 1458 760 ha-

136 781 304 820 berent.
363 780 485 833 Quod
504 782 722 835 inceptum
742 795 887 820 eorum
906 781 993 821 fors
1011 780 1217 834 impediit.
1246 794 1348 819 nam
1369 790 1459 818 tan-

136 847 200 877 tus
219 848 400 891 repente
418 836 570 879 effusus
592 838 650 878 est
668 839 820 888 imber,
843 850 888 878 ut
907 853 989 878 nec
1009 837 1185 883 accendi
1204 835 1326 877 facile
1347 847 1459 891 pate-

136 905 274 943 retur,
306 905 346 934 et
373 895 655 950 exstingueret
679 896 863 936 accensa.
923 897 1068 950 Itaque
1091 907 1132 935 et
1154 897 1352 935 transitus
1371 908 1459 949 'per

136 951 334 991 distracta
351 951 558 993 fumantia
577 955 753 1007 virgulta
771 954 925 1007 patuit3
954 965 1008 1003 et,
1029 955 1079 994 in
1096 955 1220 993 unius
1240 954 1320 992 loci
1341 966 1459 1006 prae-

135 1008 284 1049 fidium
317 1011 512 1052 omnibus
542 1010 688 1061 irerfis,
727 1012 897 1051 moenia
928 1026 1091 1065 quoque
1118 1010 1309 1066 pluribus
1338 1009 1458 1049 simul

133 1067 322 1120 partibus
341 1067 458 1108 scalis
479 1068 717 1123 capiuntur.
740 1069 804 1108 ‘In
822 1071 959 1124 primo
980 1070 1159 1108 tumultu
1180 1078 1324 1122 captae
1341 1066 1458 1108 urbis

136 1123 324 1165 seniores
349 1127 646 1180 impubesque,
685 1141 785 1180 quos
808 1127 922 1167 casus
943 1126 1279 1175 obvios-obtulit,
1308 1124 1464 1179 passim

135 1182 260 1221 caefi:
293 1184 444 1222 armati
465 1185 512 1223 in
531 1198 670 1223 arcem
692 1184 993 1239 confugerunt:
1025 1196 1064 1224 et
1080 1183 1243 1239 postero
1257 1183 1340 1233 die,
1360 1197 1464 1239 cum}

135 1239 221 1294 spei
238 1241 346 1279 nihil
370 1240 612 1295 superesset,
646 1242 864 1282 deditione
884 1241 1014 1292 facta,
1045 1242 1117 1281 sub
1138 1255 1296 1281 corona
1315 1236 1457 1280 venie·

133 1308 249 1340 runt.
291 1299 480 1338 Fuerunt
497 1310 633 1339 autem
657 1300 739 1339 duo
758 1301 888 1340 millia
908 1299 1042 1340 ferme
1063 1311 1104 1339 et
1121 1299 1363 1353 quingenti:
1393 1313 1456 1337 or-

133 1367 338 1400 namenta
360 1357 484 1405 urbis,
505 1356 659 1399 statuae
678 1369 718 1397 et
737 1359 899 1397 tabulae
917 1359 1064 1411 pictae,
1086 1369 1126 1397 et
1142 1355 1348 1411 quidquid
1365 1370 1461 1411 pree

136 1413 261 1451 tiosae
278 1412 461 1466 praedae
475 1413 566 1464 fuit,
588 1415 641 1454 ad
658 1430 789 1456 naves
803 1415 1009 1455 delatum:
1040 1418 1138 1455 urbs
1159 1415 1298 1454 diruta
1319 1428 1343 1453 a
1360 1413 1457 1453 fun-

133 1469 357 1510 damentis.
419 1470 528 1511 Inde
549 1472 716 1513 Thebas
747 1473 891 1512 ductus
922 1475 1149 1513 exercitus:
1188 1473 1337 1525 quibus
1367 1471 1457 1510 fine

136 1529 372 1575 certamine
390 1531 580 1583 receptis,
613 1533 757 1572 urbem
776 1530 949 1569 tradidit
970 1531 1193 1579 exsulibus,
1212 1540 1264 1574 >et
1283 1529 1354 1581 qui
1374 1530 1458 1567 Ro·

134 1599 359 1632 manorum
379 1588 505 1640 partis
526 1599 667 1627 erant:
698 1588 891 1627 adversae
906 1587 1098 1628 factionis
1112 1588 1348 1635 hominum,
1370 1584 1456 1625 fau-

132 1653 352 1696 torumque
373 1645 481 1697 regis
502 1659 553 1685 ac,
570 1645 854 1699 Macedonum
873 1645 1052 1684 familias
1077 1645 1152 1685 sub·
1171 1656 1330 1683 corona
1352 1657 1452 1684 ven-

133 1699 254 1748 didit.
291 1701 357 1741 his
378 1701 495 1755 gestis
514 1703 563 1742 in
583 1704 776 1753 Boeotia,
804 1703 859 1742 ad
877 1717 992 1742 mare
1013 1717 1061 1742 ac
1080 1716 1209 1744 naves
1229 1701 1370 1744 rediit.

242 1817 386 1863 LXIV.
421 1818 526 1857 Cum
545 1816 650 1859 haec
667 1820 717 1858 in
735 1819 906 1859 Boeotia
924 1830 1187 1873 gererentur,
1210 1815 1377 1856 Perseus
1398 1815 1452 1855 ad

129 1873 346 1926 Sycurium
369 1874 512 1916 stativa
533 1875 878 1931 dierumaliquot
899 1878 1055 1916 habuit.
1100 1878 1185 1916 Ubi
1196 1890 1301 1941 gum
1321 1874 1451 1913 audis·

128 1930 208 1981 set,
245 1934 397 1986 raptim
417 1934 634 1973 Romanos
664 1936 776 1973 circa
803 1950 854 1974 ex
875 1936 980 1989 agris
1004 1934 1234 1975 demessum
1261 1931 1469 1977 frumen-1

128 1991 491 2040 tum.eonvehere,
511 1991 670 2031 deinde
690 2005 788 2032 ante
810 1993 878 2032 sua
892 2007 1099 2046 quemque
1118 1991 1300 2035 tentoria
1319 1989 1449 2043 spicas

128 2044 304 2087 falcibus
326 2048 605 2099 desecantem,
634 2066 715 2104 quo
737 2052 879 2105 pur-ius
901 2049 1165 2090 frumentum
1185 2057 1352 2096 tereret,
1385 2047 1449 2086 in·

126 2116 272 2157 gentes
291 2120 461 2151 acervos
474 2122 551 2160 per
563 2118 646 2149 tota
660 2107 792 2148 eastra
804 2108 1127 2153 stramentorum
1142 2104 1305 2145 fecisse:
1337 2115 1448 2144 ratus

124 2161 329 2202 incendio
352 2175 590 2218 opportuna
610 2164 706 2216 esse,
737 2166 861 2215 faces,
891 2166 1152 2219 taedamque,
1177 2175 1217 2204 et
1235 2162 1448 2202 malleolos

123 2216 296 2272 stuppae
321 2221 449 2261 illitos
471 2222 566 2277 pice
592 2224 732 2276 parari
759 2225 894 2279 jubet:
927 2235 1049 2277 atque
1073 2226 1130 2262 ita
1156 2220 1296 2261 media
1324 2231 1450 2259 nocte

123 2276 360 2329 pmfectus,
401 2290 447 2317 ut
476 2281 615 2333 prima
644 2282 738 2320 luce
765 2280 969 2335 aggressus
998 2280 1175 2320 falleret.
1258 2276 1455 2330 Nequid-

123 2346 248 2386 quam
273 2337 440 2390 primae
456 2337 652 2379 stationes
677 2339 894 2392 oppressae
918 2339 1094 2377 tumultu
1118 2352 1166 2377 ac
1187 2347 1347 2376 terrore
1374 2333 1459 2373 suo.

122 2401 280 2431 ceteros
301 2395 571 2435 exciverunt:
601 2396 846 2450 lignumque
865 2396 1009 2435 datum
1029 2395 1090 2439 est
1105 2409 1222 2434 arma
1234 2393 1446 2446 extemplo

121 2449 344 2503 capiendi3
371 2451 575 2507 fimulque
594 2453 643 2494 in
662 2455 791 2505 vallo,
822 2453 876 2494 ad
896 2464 1049 2512 portas,
1080 2454 1202 2493 miles
1222 2451 1445 2493 instructus

1343 2516 1444 2556 erat,
