1548 2703
304 88 343 133 L,
365 87 386 125 1
418 87 452 127 B
483 86 519 127 E
549 87 588 126 R
634 86 817 126 XXXIII.
880 87 1089 128 Cupw.
1112 86 1162 128 V.
1340 82 1397 135 8⁵7

387 159 438 198 U.
470 160 513 196 C.
546 160 643 202 555.
761 170 795 193 a.
833 155 877 194 C.
899 157 951 195 N.
990 169 1080 208 197.
1377 177 1381 179 *

182 237 251 276 IV.
311 226 592 290 Acceptae'ad
613 236 751 275 Aoum
784 236 942 274 fiumen
971 237 1020 274 in
1054 235 1248 289 angustiis
1268 234 1394 283 cladi,

69 293 213 332 territa
234 293 516 332 Macedonum
535 294 766 348 phalange,
799 290 852 330 ad
873 291 1069 331 Atracem
1090 295 1130 333 vi
1151 292 1288 345 pulsos
1309 292 1396 330 Ro-

68 364 217 389 manos
237 353 496 404 opponebat:
538 364 574 389 et
595 348 672 389 illic
695 363 817 389 tamen
832 379 842 398 ‚
873 348 938 387 ubi
958 349 1104 402 inseffas
1125 349 1266 401 fizuces
1291 347 1395 401 Epi-

70 409 110 446 ri
129 420 202 446 non
222 407 640 460 tenuiffent‚·primam
671 406 816 459 culpam
831 406 952 458 fitiffe
980 420 1134 455 eorum,
1175 409 1244 459 qui
1273 405 1393 460 negli-v

70 473 206 519 genter
236 463 418 514 custodiat
438 465 673 519 servaffent:
723 463 941 517 secundam,
990 467 1030 502 in
1061 464 1142 517 ipso
1173 460 1395 511 certamina

71 520 163 561 Ievis
201 534 417 560 armaturae
458 524 858 573 mercenariorumque
897 520 1071 560 militum.
1138 519 1395 559 Macedonum

70 591 162 617 vero
183 576 409 631 plzalangem
431 591 468 618 et
492 578 748 631 tuncstetiffe,
781 591 817 616 et
838 577 913 617 loco
931 591 1049 631 aequo
1061 576 1237 632 justaque
1261 588 1396 631 pugna

59 633 215 689 semper
235 635 440 688 mansuram
460 639 650 675 invictam.
708 636 869 675 Decem
894 647 934 674 et
955 635 1026 675 sex
1049 636 1182 675 millia
1212 634 1397 673 militum.

71 693 174 732 haec
194 691 333 741 fuere,
365 696 493 732 robur
519 707 648 732 omne
669 693 819 733 virium
841 704 882 733 et
910 694 1043 746 regni.
1106 691 1176 732 Ad
1197 692 1280 731 hoc
1312 689 1397 729 duo

71 752 204 790 millia
230 761 502 800 cetratorum,
547 765 646 804 quos
676 750 864 804 peltastas
894 752 1128 804 appellant,
1159 749 1395 788 Thracum-

70 822 150 861 que
170 819 210 845 et
234 809 471 859 Illyriorum
496 807 669 854 (Trallis
701 822 864 847 nomen
895 807 952 846 est
981 809 1118 861 genti)
1148 822 1224 861 par
1246 819 1394 844 nume*

69 870 139 904 rus
161 865 260 903 bina
283 865 413 904 millia
435 877 568 915 erant,
603 876 642 904 et
662 866 783 904 mixti
801 865 1054 919 expluribus
1071 865 1264 919 gentibus
1285 876 1394 901 mer·
1438 893 1440 896 .

69 922 174 961 cede
193 921 389 961 conducti
408 924 627 962 auxiliares
648 924 764 961 mille
785 922 932 971 ferme,
966 933 1006 962 et
1027 922 1109 961 duo
1130 922 1260 960 millia
1279 921 1394 973 equi-

71 990 172 1018 tum.
231 981 336 1019 Cum
365 980 415 1019 iis
441 982 569 1034 copiis
594 994 671 1019 rex
686 979 844 1019 hostem
871 981 1178 1034 opperiebatur.
1238 979 1401 1017 Roma-²

70 1039 138 1077 nis
169 1035 301 1076 ferme
332 1053 406 1090 par
435 1051 637 1077 numerus
668 1042 778 1087 erat,
840 1039 1025 1090 equitum
1052 1037 1180 1091 copiis
1209 1046 1401 1085 tantum,

71 1094 184 1150 quod
205 1094 344 1143 Aetoli
363 1094 616 1134 accesserant
629 1124 640 1145 ‚
664 1094 928 1148 superabant.
1246 1123 1249 1125 -
1397 1108 1400 1112 ’

185 1211 233 1249 V.
293 1209 576 1259 Quinetiusxad
590 1210 757 1262 Thebas
776 1210 1027 1249 Phthioticas
1048 1207 1177 1248 castra
1197 1223 1291 1248 cum
1305 1209 1405 1246 ino-⁸

72 1266 214 1314 visset,
261 1265 376 1319 spem
404 1278 550 1306 nactus
582 1282 659 1321 per
683 1267 910 1306 Timonem
943 1266 1391 1323 principemncivitatis

72 1324 195 1379 prodi
213 1326 394 1373 urbem,
436 1340 530 1364 eum
560 1325 699 1378 paucis
731 1326 918 1379 equitum
947 1325 1132 1377 levisque
1158 1329 1396 1362 armaturae

72 1382 127 1420 ad
146 1394 284 1420 muros
305 1382 499 1422 successit.
560 1383 625 1421 Ibi
646 1381 750 1421 adeo
773 1382 963 1421 frustrata
988 1381 1078 1435 spes
1105 1382 1185 1430 est,
1225 1391 1270 1420 ut
1296 1393 1394 1419 non

72 1451 289 1478 certamen
312 1439 436 1478 modo
455 1454 551 1491 cum
570 1441 909 1494 erumpentibus,
940 1438 1012 1478 sed
1040 1439 1274 1492 periculum
1294 1451 1395 1491 quo-

73 1502 153 1550 que
176 1507 294 1536 atrox
312 1497 482 1537 subiret:
514 1499 562 1536 ni
581 1497 720 1537 castris
748 1498 870 1537 exciti
898 1506 1080 1550 repente*
1100 1492 1261 1551 pedites
1281 1495 1394 1548 equi-

41 1552 43 1557 ’
71 1564 213 1607 tesque
240 1555 288 1593 in
307 1566 494 1610 tempore
517 1555 811 1594 subvenissent.
856 1555 909 1594 Et
927 1553 1140 1608 postquam
1160 1553 1271 1592 nihil
1293 1564 1397 1590 eon-

73 1622 216 1664 ceptae
230 1622 386 1652 temere
409 1613 493 1666 spei
514 1612 767 1660 succedebat,
790 1613 903 1651 urbis
923 1610 1090 1664 quidem
1113 1610 1290 1663 amplius
1302 1620 1395 1647 ten-

74 1667 225 1708 tahdae
249 1671 294 1709 in
306 1670 537 1724 praesentia
549 1681 702 1713 conatu
712 1668 883 1719 abfistit3
905 1679 1090 1709 ceterum
1110 1668 1202 1707 satis
1219 1678 1392 1720 gnarus,

73 1725 225 1780 iam'in
247 1726 454 1767 Thessalia
475 1741 614 1781 negem
635 1727 740 1776 esse,
768 1726 962 1765 nondum
980 1735 1198 1780 comperto
1212 1754 1223 1774 ‚
1265 1737 1393 1777 quam
1420 1750 1428 1755 ι

73 1785 122 1823 in
142 1783 358 1836 regionem-
376 1784 571 1834 venisset,
605 1786 756 1824 milites
779 1799 857 1838 per
883 1796 999 1837 agros
1026 1781 1208 1823 dimissos
1233 1782 1392 1822 vallum
1421 1784 1426 1785 ⁷

75 1841 249 1881 caedere
271 1853 310 1881 et
327 1856 476 1895 parare
496 1843 620 1895 jubet.
658 1843 778 1882 Vallo
797 1852 838 1880 et
852 1839 1100 1880 Macedones
1115 1850 1154 1879 et
1165 1836 1392 1879 Graeciufi
1418 1878 1423 1881 ,

75 1898 195 1947 [unt·,
223 1898 295 1938 sed
312 1897 425 1939 usum
449 1914 532 1938 nec
551 1899 605 1938 ad
633 1899 968 1938 commoditatem
1001 1897 1191 1945 ferendi,
1232 1910 1316 1935 nec
1337 1893 1392 1934 ad

72 1955 197 2010 ipsius
217 1957 464 1997 munitionis
482 1957 792 1996 firmamentum
813 1968 1073 2011 aptaverunt.
1116 1955 1226 1994 Nam
1243 1965 1284 1993 et
1305 1967 1394 1992 ma-

73 2013 182 2068 jores
214 2024 255 2052 et
282 2016 409 2070 magis
439 2014 616 2054 ramosas
644 2013 1093 2063 arborescaedebanz,
1137 2027 1261 2065 quam
1288 2022 1393 2064 quas

41 2073 44 2077 ’
75 2069 187 2109 ferre
207 2086 301 2110 cum
323 2073 449 2111 armis
470 2073 589 2112 miles
610 2072 764 2127 posset3
792 2082 832 2111 et
853 2085 949 2111 cum
969 2071 1098 2111 castra
1119 2070 1184 2109 his
1204 2080 1302 2108 ante
1321 2070 1394 2107 ob-

75 2128 190 2184 jectis
212 2127 446 2183 sepsissent,
477 2128 607 2170 facilis
626 2131 784 2168 molitio
804 2144 948 2168 eorum
972 2130 1069 2169 valli
1092 2137 1194 2167 erat.
1226 2140 1326 2165 nam
1349 2135 1392 2164 et

77 2185 172 2238 quia
191 2188 274 2225 rari
295 2185 449 2242 stipites
468 2188 933 2241 magnarumarborum
953 2187 1222 2235 eminebant,
1255 2183 1394 2222 multi-

77 2256 156 2295 que
175 2255 215 2282 et
231 2244 360 2284 validi
379 2246 485 2284 rami
503 2247 784 2298 praebebant,
814 2244 924 2299 quod
942 2255 1055 2284 recte
1078 2256 1208 2282 manu
1226 2246 1394 2295 capere-

78 2309 168 2348 tur3
215 2300 319 2350 duo,
363 2314 433 2342 aut
461 2302 666 2341 summum
695 2314 778 2341 tres
808 2303 981 2354 juvenes
1011 2299 1174 2341 connisi
1199 2303 1396 2340 arborem
1433 2295 1445 2301 Ν

77 2369 205 2396 unam
230 2362 476 2399 evellebant.
507 2374 586 2414 qua
609 2359 757 2410 evulsa,
783 2371 926 2413 portae
943 2359 1077 2399 instar
1095 2358 1306 2412 extemplo
1326 2369 1397 2410 pa·
1428 2354 1438 2358 ”
1477 2360 1481 2364 “

79 2415 211 2464 what,
242 2418 388 2457 nee-in
409 2428 576 2472 promtu
596 2426 696 2466 erat,
726 2416 837 2470 quod
859 2418 1179 2460 obmolirent'ur.
1240 2417 1394 2454 Roma·-

80 2483 159 2511 :nus
181 2472 299 2527 >leves
330 2486 371 2515 et
400 2474 585 2517 bifurcos
607 2477 851 2529 plerosque,
901 2483 947 2516 ef
972 2475 1140 2525 t‘riu'ffis
1165 2475 1257 2524 aut',
1291 2467 1425 2510 buin*

148 2529 168 2551 '⁸
755 2533 786 2572 F
815 2536 847 2583 lg,
1270 2528 1399 2584 pluri·
