<?xml version="1.0" encoding="UTF-8"?>
<!DOCTYPE html PUBLIC "-//W3C//DTD XHTML 1.0 Transitional//EN"
    "http://www.w3.org/TR/xhtml1/DTD/xhtml1-transitional.dtd">
<html xmlns="http://www.w3.org/1999/xhtml" xml:lang="en" lang="en">
 <head>
  <title>
</title>
<meta http-equiv="Content-Type" content="text/html;charset=utf-8" />
  <meta name='ocr-system' content='tesseract 3.04.00' />
  <meta name='ocr-capabilities' content='ocr_page ocr_carea ocr_par ocr_line ocrx_word'/>
</head>
<body>
  <div class='ocr_page' id='page_1' title='image "./historiarumlib03livyuoft_0678.png"; bbox 0 0 1548 2703; ppageno 0'>
   <div class='ocr_carea' id='block_1_1' title="bbox 181 78 1455 139">
    <p class='ocr_par' dir='ltr' id='par_1_1' title="bbox 181 78 1455 139">
     <span class='ocr_line' id='line_1_1' title="bbox 181 78 1455 139; baseline 0.005 -20"><span class='ocrx_word' id='word_1_1' title='bbox 181 80 267 135; x_wconf 63' lang='lat'><em>570</em></span> <span class='ocrx_word' id='word_1_2' title='bbox 352 78 559 121; x_wconf 81' lang='lat' dir='ltr'>LIBER</span> <span class='ocrx_word' id='word_1_3' title='bbox 593 80 715 121; x_wconf 82' lang='lat' dir='ltr'><em>va.</em></span> <span class='ocrx_word' id='word_1_4' title='bbox 775 81 887 121; x_wconf 62' lang='lat' dir='ltr'><em>en.</em></span> <span class='ocrx_word' id='word_1_5' title='bbox 917 80 1147 125; x_wconf 84' lang='lat' dir='ltr'><strong>xxxvm.</strong></span> <span class='ocrx_word' id='word_1_6' title='bbox 1178 84 1361 125; x_wconf 82' lang='lat' dir='ltr'>xxxlx.</span> <span class='ocrx_word' id='word_1_7' title='bbox 1414 135 1418 139; x_wconf 91' lang='lat'>.</span> <span class='ocrx_word' id='word_1_8' title='bbox 1453 131 1455 133; x_wconf 59' lang='grc'><strong>,</strong></span> 
     </span>
    </p>
   </div>
   <div class='ocr_carea' id='block_1_2' title="bbox 178 205 1516 459">
    <p class='ocr_par' dir='ltr' id='par_1_2' title="bbox 178 205 1516 459">
     <span class='ocr_line' id='line_1_2' title="bbox 182 205 1510 222; baseline 0.004 -5"><span class='ocrx_word' id='word_1_9' title='bbox 182 205 450 215; x_wconf 84' lang='grc'>------</span> <span class='ocrx_word' id='word_1_10' title='bbox 1259 209 1510 222; x_wconf 86' lang='grc'>-.--..-..-...</span> 
     </span>
     <span class='ocr_line' id='line_1_3' title="bbox 178 226 1514 291; baseline 0.005 -21"><span class='ocrx_word' id='word_1_11' title='bbox 178 230 303 280; x_wconf 82' lang='lat' dir='ltr'><em>fitis?</em></span> <span class='ocrx_word' id='word_1_12' title='bbox 330 226 427 284; x_wconf 79' lang='lat' dir='ltr'><em>quid</em></span> <span class='ocrx_word' id='word_1_13' title='bbox 446 229 602 270; x_wconf 86' lang='lat' dir='ltr'><em>Romam</em></span> <span class='ocrx_word' id='word_1_14' title='bbox 608 229 842 284; x_wconf 86' lang='lat' dir='ltr'><em>frequentes</em></span> <span class='ocrx_word' id='word_1_15' title='bbox 851 231 926 285; x_wconf 84' lang='lat' dir='ltr'><em>suh</em></span> <span class='ocrx_word' id='word_1_16' title='bbox 939 232 1067 291; x_wconf 79' lang='lat' dir='ltr'><em>signis</em></span> <span class='ocrx_word' id='word_1_17' title='bbox 1085 236 1287 284; x_wconf 88' lang='lat' dir='ltr'><em>veneritis,</em></span> <span class='ocrx_word' id='word_1_18' title='bbox 1317 235 1415 289; x_wconf 84' lang='lat' dir='ltr'><em>quid</em></span> <span class='ocrx_word' id='word_1_19' title='bbox 1436 236 1514 283; x_wconf 67' lang='lat' dir='ltr'><em>mo&#39;-</em></span> 
     </span>
     <span class='ocr_line' id='line_1_4' title="bbox 183 286 1516 344; baseline 0.005 -17"><span class='ocrx_word' id='word_1_20' title='bbox 183 289 325 327; x_wconf 80' lang='lat' dir='ltr'><em>remini</em></span> <span class='ocrx_word' id='word_1_21' title='bbox 350 286 432 334; x_wconf 68' lang='lat' dir='ltr'><em>liic,</em></span> <span class='ocrx_word' id='word_1_22' title='bbox 460 301 503 326; x_wconf 74' lang='lat' dir='ltr'><em>‚et</em></span> <span class='ocrx_word' id='word_1_23' title='bbox 530 301 608 328; x_wconf 90' lang='lat' dir='ltr'><em>non</em></span> <span class='ocrx_word' id='word_1_24' title='bbox 639 287 782 336; x_wconf 81' lang='lat' dir='ltr'><em>diversi</em></span> <span class='ocrx_word' id='word_1_25' title='bbox 814 288 941 329; x_wconf 83' lang='lat' dir='ltr'><em>domos</em></span> <span class='ocrx_word' id='word_1_26' title='bbox 972 293 1135 344; x_wconf 85' lang='lat' dir='ltr'><em>quisque</em></span> <span class='ocrx_word' id='word_1_27' title='bbox 1163 291 1304 332; x_wconf 82' lang='lat' dir='ltr'><em>abeatis</em></span> <span class='ocrx_word' id='word_1_28' title='bbox 1334 291 1516 343; x_wconf 80' lang='lat' dir='ltr'><em>vestras?</em></span> 
     </span>
     <span class='ocr_line' id='line_1_5' title="bbox 180 344 1515 400; baseline 0.006 -17"><span class='ocrx_word' id='word_1_29' title='bbox 180 344 283 400; x_wconf 80' lang='lat' dir='ltr'><em>quid</em></span> <span class='ocrx_word' id='word_1_30' title='bbox 300 344 408 386; x_wconf 79' lang='lat' dir='ltr'><em>aliud</em></span> <span class='ocrx_word' id='word_1_31' title='bbox 428 345 709 400; x_wconf 76' lang='lat' dir='ltr'><em>respondeatis,</em></span> <span class='ocrx_word' id='word_1_32' title='bbox 727 359 838 398; x_wconf 83' lang='lat' dir='ltr'><em>quam</em></span> <span class='ocrx_word' id='word_1_33' title='bbox 857 361 924 386; x_wconf 87' lang='lat' dir='ltr'><em>vos</em></span> <span class='ocrx_word' id='word_1_34' title='bbox 942 346 1224 400; x_wconf 76' lang='lat' dir='ltr'><em>triumphantes</em></span> <span class='ocrx_word' id='word_1_35' title='bbox 1240 347 1371 390; x_wconf 82' lang='lat' dir='ltr'><em>videri</em></span> <span class='ocrx_word' id='word_1_36' title='bbox 1384 349 1515 391; x_wconf 80' lang='lat' dir='ltr'><em>velle?</em></span> 
     </span>
     <span class='ocr_line' id='line_1_6' title="bbox 189 403 1105 459; baseline 0.002 -15"><span class='ocrx_word' id='word_1_37' title='bbox 189 403 270 444; x_wconf 83' lang='lat' dir='ltr'><em>Vos</em></span> <span class='ocrx_word' id='word_1_38' title='bbox 290 417 394 444; x_wconf 83' lang='lat' dir='ltr'><em>certe</em></span> <span class='ocrx_word' id='word_1_39' title='bbox 414 407 584 444; x_wconf 82' lang='lat' dir='ltr'><em>victores</em></span> <span class='ocrx_word' id='word_1_40' title='bbox 604 405 769 459; x_wconf 75' lang='lat' dir='ltr'><em>conspici</em></span> <span class='ocrx_word' id='word_1_41' title='bbox 788 403 883 444; x_wconf 87' lang='lat' dir='ltr'><em>velle</em></span> <span class='ocrx_word' id='word_1_42' title='bbox 905 404 1105 457; x_wconf 83' lang='lat' dir='ltr'><em>debebatis.</em></span> 
     </span>
    </p>
   </div>
   <div class='ocr_carea' id='block_1_3' title="bbox 181 518 1515 637">
    <p class='ocr_par' dir='ltr' id='par_1_3' title="bbox 181 518 1515 637">
     <span class='ocr_line' id='line_1_7' title="bbox 301 518 1515 580; baseline 0.003 -18"><span class='ocrx_word' id='word_1_43' title='bbox 301 522 484 562; x_wconf 88' lang='lat' dir='ltr'>XXXIX.</span> <span class='ocrx_word' id='word_1_44' title='bbox 543 518 855 577; x_wconf 72' lang='lat' dir='ltr'><em>vTrt&#39;umplzatum</em></span> <span class='ocrx_word' id='word_1_45' title='bbox 887 536 1020 577; x_wconf 82' lang='lat' dir='ltr'><em>nuper</em></span> <span class='ocrx_word' id='word_1_46' title='bbox 1049 522 1095 564; x_wconf 81' lang='lat' dir='ltr'><em>de</em></span> <span class='ocrx_word' id='word_1_47' title='bbox 1127 521 1341 580; x_wconf 71' lang='lat' dir='ltr'><em>Philippo,</em></span> <span class='ocrx_word' id='word_1_48' title='bbox 1396 537 1515 580; x_wconf 73' lang='lat' dir='ltr'><em>patre</em></span> 
     </span>
     <span class='ocr_line' id='line_1_8' title="bbox 181 578 1511 637; baseline 0.002 -17"><span class='ocrx_word' id='word_1_49' title='bbox 181 578 323 635; x_wconf 70' lang='lat' dir='ltr'><em>liujus,</em></span> <span class='ocrx_word' id='word_1_50' title='bbox 357 592 394 619; x_wconf 89' lang='lat' dir='ltr'><em>et</em></span> <span class='ocrx_word' id='word_1_51' title='bbox 425 578 471 618; x_wconf 88' lang='lat' dir='ltr'><em>de</em></span> <span class='ocrx_word' id='word_1_52' title='bbox 502 578 696 619; x_wconf 72' lang='lat' dir='ltr'><em>Antiocho</em></span> <span class='ocrx_word' id='word_1_53' title='bbox 724 578 784 630; x_wconf 84' lang='lat' dir='ltr'><em>est.</em></span> <span class='ocrx_word' id='word_1_54' title='bbox 844 581 951 620; x_wconf 87' lang='lat' dir='ltr'><em>ambo</em></span> <span class='ocrx_word' id='word_1_55' title='bbox 980 580 1216 637; x_wconf 82' lang='lat' dir='ltr'><em>regnabant,</em></span> <span class='ocrx_word' id='word_1_56' title='bbox 1256 596 1339 622; x_wconf 84' lang='lat' dir='ltr'><em>cum</em></span> <span class='ocrx_word' id='word_1_57' title='bbox 1373 583 1418 622; x_wconf 89' lang='lat' dir='ltr'><em>de</em></span> <span class='ocrx_word' id='word_1_58' title='bbox 1449 583 1511 624; x_wconf 75' lang='lat' dir='ltr'><em>lzt&#39;s</em></span> 
     </span>
    </p>
   </div>
   <div class='ocr_carea' id='block_1_4' title="bbox 180 634 1548 693">
    <p class='ocr_par' dir='ltr' id='par_1_4' title="bbox 180 634 1548 693">
     <span class='ocr_line' id='line_1_9' title="bbox 180 634 1548 693; baseline 0.001 -16"><span class='ocrx_word' id='word_1_59' title='bbox 180 634 467 690; x_wconf 69' lang='lat' dir='ltr'><em>triumphatum</em></span> <span class='ocrx_word' id='word_1_60' title='bbox 498 638 559 689; x_wconf 86' lang='lat' dir='ltr'><em>est.</em></span> <span class='ocrx_word' id='word_1_61' title='bbox 617 637 683 676; x_wconf 93' lang='lat' dir='ltr'><em>De</em></span> <span class='ocrx_word' id='word_1_62' title='bbox 717 637 853 692; x_wconf 86' lang='lat' dir='ltr'><em>Perseo</em></span> <span class='ocrx_word' id='word_1_63' title='bbox 885 651 1019 693; x_wconf 86' lang='lat' dir='ltr'><em>capto,</em></span> <span class='ocrx_word' id='word_1_64' title='bbox 1050 642 1091 678; x_wconf 86' lang='lat' dir='ltr'><em>in</em></span> <span class='ocrx_word' id='word_1_65' title='bbox 1112 639 1244 679; x_wconf 84' lang='lat' dir='ltr'><em>urbem</em></span> <span class='ocrx_word' id='word_1_66' title='bbox 1264 654 1344 680; x_wconf 88' lang='lat' dir='ltr'><em>cum</em></span> <span class='ocrx_word' id='word_1_67' title='bbox 1373 641 1513 682; x_wconf 58' lang='lat' dir='ltr'><em>liberis</em></span> <span class='ocrx_word' id='word_1_68' title='bbox 1547 641 1548 644; x_wconf 75' lang='grc'>’</span> 
     </span>
    </p>
   </div>
   <div class='ocr_carea' id='block_1_5' title="bbox 164 692 1529 1730">
    <p class='ocr_par' dir='ltr' id='par_1_5' title="bbox 164 692 1529 1730">
     <span class='ocr_line' id='line_1_10' title="bbox 179 692 1512 752; baseline 0.002 -16"><span class='ocrx_word' id='word_1_69' title='bbox 179 695 366 740; x_wconf 73' lang='lat' dir='ltr'><em>abducto,</em></span> <span class='ocrx_word' id='word_1_70' title='bbox 427 709 499 735; x_wconf 90' lang='lat' dir='ltr'><em>non</em></span> <span class='ocrx_word' id='word_1_71' title='bbox 535 692 882 748; x_wconf 76' lang='lat' dir='ltr'><em>triumphabitur?</em></span> <span class='ocrx_word' id='word_1_72' title='bbox 942 696 1062 747; x_wconf 75' lang='lat' dir='ltr'><em>Quod</em></span> <span class='ocrx_word' id='word_1_73' title='bbox 1093 695 1126 744; x_wconf 83' lang='lat' dir='ltr'><em>si</em></span> <span class='ocrx_word' id='word_1_74' title='bbox 1168 700 1209 737; x_wconf 87' lang='lat' dir='ltr'><em>in</em></span> <span class='ocrx_word' id='word_1_75' title='bbox 1247 711 1371 737; x_wconf 85' lang='lat' dir='ltr'><em>curru</em></span> <span class='ocrx_word' id='word_1_76' title='bbox 1402 699 1512 752; x_wconf 76' lang='lat' dir='ltr'><em>stan-</em></span> 
     </span>
     <span class='ocr_line' id='line_1_11' title="bbox 180 752 1510 808; baseline 0.001 -14"><span class='ocrx_word' id='word_1_77' title='bbox 180 753 313 794; x_wconf 73' lang='lat' dir='ltr'><em>demes</em></span> <span class='ocrx_word' id='word_1_78' title='bbox 350 752 613 807; x_wconf 73' lang='lat' dir='ltr'><strong><em>Capitolium,</em></strong></span> <span class='ocrx_word' id='word_1_79' title='bbox 654 766 817 793; x_wconf 85' lang='lat' dir='ltr'><em>auratos</em></span> <span class='ocrx_word' id='word_1_80' title='bbox 846 766 1196 807; x_wconf 77' lang='lat' dir='ltr'><em>purpuratosque,</em></span> <span class='ocrx_word' id='word_1_81' title='bbox 1238 770 1288 794; x_wconf 80' lang='lat' dir='ltr'><em>ex</em></span> <span class='ocrx_word' id='word_1_82' title='bbox 1316 755 1510 808; x_wconf 72' lang='lat' dir='ltr'><em>inferiore</em></span> 
     </span>
     <span class='ocr_line' id='line_1_12' title="bbox 178 810 1514 867; baseline 0 -15"><span class='ocrx_word' id='word_1_83' title='bbox 178 812 261 852; x_wconf 88' lang='lat' dir='ltr'><em>loco</em></span> <span class='ocrx_word' id='word_1_84' title='bbox 295 811 341 851; x_wconf 91' lang='lat' dir='ltr'><em>L.</em></span> <span class='ocrx_word' id='word_1_85' title='bbox 373 810 530 851; x_wconf 82' lang='lat' dir='ltr'><em>Paullus</em></span> <span class='ocrx_word' id='word_1_86' title='bbox 570 814 610 850; x_wconf 92' lang='lat' dir='ltr'><em>in</em></span> <span class='ocrx_word' id='word_1_87' title='bbox 645 810 757 850; x_wconf 85' lang='lat' dir='ltr'><em>turba</em></span> <span class='ocrx_word' id='word_1_88' title='bbox 790 824 1014 867; x_wconf 77' lang='lat' dir='ltr'><em>togatorum</em></span> <span class='ocrx_word' id='word_1_89' title='bbox 1044 825 1143 851; x_wconf 89' lang='lat' dir='ltr'><em>unus</em></span> <span class='ocrx_word' id='word_1_90' title='bbox 1172 816 1356 865; x_wconf 79' lang='lat' dir='ltr'><em>privatus</em></span> <span class='ocrx_word' id='word_1_91' title='bbox 1386 816 1514 852; x_wconf 82' lang='lat' dir='ltr'><em>inter-</em></span> 
     </span>
     <span class='ocr_line' id='line_1_13' title="bbox 179 867 1511 925; baseline 0.001 -15"><span class='ocrx_word' id='word_1_92' title='bbox 179 881 320 924; x_wconf 87' lang='lat' dir='ltr'><em>roget:</em></span> <span class='ocrx_word' id='word_1_93' title='bbox 383 869 428 907; x_wconf 90' lang='lat' dir='ltr'><em>L.</em></span> <span class='ocrx_word' id='word_1_94' title='bbox 453 869 588 918; x_wconf 79' lang='lat' dir='ltr'><em>Anici,</em></span> <span class='ocrx_word' id='word_1_95' title='bbox 626 867 700 907; x_wconf 88' lang='lat' dir='ltr'><em>Cn.</em></span> <span class='ocrx_word' id='word_1_96' title='bbox 727 869 874 917; x_wconf 88' lang='lat' dir='ltr'><em>Octavi,</em></span> <span class='ocrx_word' id='word_1_97' title='bbox 907 882 1043 909; x_wconf 79' lang='lat' dir='ltr'><em>utrum</em></span> <span class='ocrx_word' id='word_1_98' title='bbox 1064 884 1132 908; x_wconf 81' lang='lat' dir='ltr'><em>vos</em></span> <span class='ocrx_word' id='word_1_99' title='bbox 1154 869 1350 925; x_wconf 82' lang='lat' dir='ltr'><em>digniores</em></span> <span class='ocrx_word' id='word_1_100' title='bbox 1369 875 1511 911; x_wconf 82' lang='lat' dir='ltr'><em>trium-</em></span> 
     </span>
     <span class='ocr_line' id='line_1_14' title="bbox 177 925 1510 983; baseline 0.002 -17"><span class='ocrx_word' id='word_1_101' title='bbox 177 925 259 983; x_wconf 74' lang='lat' dir='ltr'><em>pho</em></span> <span class='ocrx_word' id='word_1_102' title='bbox 284 926 378 979; x_wconf 81' lang='lat' dir='ltr'><em>effe,</em></span> <span class='ocrx_word' id='word_1_103' title='bbox 415 939 462 965; x_wconf 92' lang='lat' dir='ltr'><em>an</em></span> <span class='ocrx_word' id='word_1_104' title='bbox 481 940 560 976; x_wconf 85' lang='lat' dir='ltr'><em>me,</em></span> <span class='ocrx_word' id='word_1_105' title='bbox 591 926 779 979; x_wconf 80' lang='lat' dir='ltr'><em>censetis?</em></span> <span class='ocrx_word' id='word_1_106' title='bbox 818 940 980 965; x_wconf 85' lang='lat' dir='ltr'><em>currum</em></span> <span class='ocrx_word' id='word_1_107' title='bbox 1002 930 1036 965; x_wconf 92' lang='lat' dir='ltr'><em>ei</em></span> <span class='ocrx_word' id='word_1_108' title='bbox 1056 925 1218 979; x_wconf 80' lang='lat' dir='ltr'><em>cessuri,</em></span> <span class='ocrx_word' id='word_1_109' title='bbox 1258 942 1295 966; x_wconf 80' lang='lat' dir='ltr'><em>et</em></span> <span class='ocrx_word' id='word_1_110' title='bbox 1316 942 1411 982; x_wconf 78' lang='lat' dir='ltr'><em>prae</em></span> <span class='ocrx_word' id='word_1_111' title='bbox 1437 944 1510 982; x_wconf 87' lang='lat' dir='ltr'><em>pu-</em></span> 
     </span>
     <span class='ocr_line' id='line_1_15' title="bbox 180 981 1510 1039; baseline 0.002 -15"><span class='ocrx_word' id='word_1_112' title='bbox 180 985 276 1026; x_wconf 86' lang='lat' dir='ltr'><em>dore</em></span> <span class='ocrx_word' id='word_1_113' title='bbox 306 983 494 1024; x_wconf 84' lang='lat' dir='ltr'><em>videntur</em></span> <span class='ocrx_word' id='word_1_114' title='bbox 534 983 699 1039; x_wconf 81' lang='lat' dir='ltr'><em>insignia</em></span> <span class='ocrx_word' id='word_1_115' title='bbox 739 981 809 1034; x_wconf 80' lang='lat' dir='ltr'><em>ipsi</em></span> <span class='ocrx_word' id='word_1_116' title='bbox 836 984 911 1037; x_wconf 87' lang='lat' dir='ltr'><em>sua</em></span> <span class='ocrx_word' id='word_1_117' title='bbox 947 983 1158 1026; x_wconf 83' lang='lat' dir='ltr'><em>tradituri.</em></span> <span class='ocrx_word' id='word_1_118' title='bbox 1221 985 1275 1024; x_wconf 90' lang='lat' dir='ltr'><em>Et</em></span> <span class='ocrx_word' id='word_1_119' title='bbox 1303 999 1370 1026; x_wconf 83' lang='lat' dir='ltr'><em>vos</em></span> <span class='ocrx_word' id='word_1_120' title='bbox 1406 986 1510 1026; x_wconf 81' lang='lat' dir='ltr'><em>Gen-</em></span> 
     </span>
     <span class='ocr_line' id='line_1_16' title="bbox 177 1039 1510 1096; baseline 0 -12"><span class='ocrx_word' id='word_1_121' title='bbox 177 1046 300 1092; x_wconf 77' lang='lat' dir='ltr'><em>tium,</em></span> <span class='ocrx_word' id='word_1_122' title='bbox 340 1053 447 1096; x_wconf 86' lang='lat' dir='ltr'><em>quam</em></span> <span class='ocrx_word' id='word_1_123' title='bbox 468 1040 626 1094; x_wconf 81' lang='lat' dir='ltr'><em>Persea,</em></span> <span class='ocrx_word' id='word_1_124' title='bbox 667 1040 761 1080; x_wconf 84' lang='lat' dir='ltr'><em>duci</em></span> <span class='ocrx_word' id='word_1_125' title='bbox 783 1045 822 1080; x_wconf 90' lang='lat' dir='ltr'><em>in</em></span> <span class='ocrx_word' id='word_1_126' title='bbox 846 1039 1095 1093; x_wconf 70' lang='lat' dir='ltr'><em>triumphum</em></span> <span class='ocrx_word' id='word_1_127' title='bbox 1118 1042 1325 1091; x_wconf 74' lang='lat' dir='ltr'><em>mavultis,</em></span> <span class='ocrx_word' id='word_1_128' title='bbox 1367 1044 1510 1095; x_wconf 74' lang='lat' dir='ltr'><em>Quiri-</em></span> 
     </span>
     <span class='ocr_line' id='line_1_17' title="bbox 177 1097 1510 1153; baseline 0 -13"><span class='ocrx_word' id='word_1_129' title='bbox 177 1115 261 1150; x_wconf 82' lang='lat' dir='ltr'><em>tes,</em></span> <span class='ocrx_word' id='word_1_130' title='bbox 292 1113 328 1139; x_wconf 88' lang='lat' dir='ltr'><em>et</em></span> <span class='ocrx_word' id='word_1_131' title='bbox 359 1098 403 1138; x_wconf 87' lang='lat' dir='ltr'><em>de</em></span> <span class='ocrx_word' id='word_1_132' title='bbox 434 1097 632 1152; x_wconf 78' lang='lat' dir='ltr'><em>accessione</em></span> <span class='ocrx_word' id='word_1_133' title='bbox 662 1101 797 1152; x_wconf 74' lang='lat' dir='ltr'><em>potius</em></span> <span class='ocrx_word' id='word_1_134' title='bbox 828 1098 938 1149; x_wconf 74' lang='lat' dir='ltr'><em>belli,</em></span> <span class='ocrx_word' id='word_1_135' title='bbox 975 1113 1089 1153; x_wconf 83' lang='lat' dir='ltr'><em>quam</em></span> <span class='ocrx_word' id='word_1_136' title='bbox 1125 1098 1170 1138; x_wconf 88' lang='lat' dir='ltr'><em>cle</em></span> <span class='ocrx_word' id='word_1_137' title='bbox 1207 1099 1326 1150; x_wconf 83' lang='lat' dir='ltr'><em>bello,</em></span> <span class='ocrx_word' id='word_1_138' title='bbox 1368 1103 1510 1140; x_wconf 85' lang='lat' dir='ltr'><em>trium·</em></span> 
     </span>
     <span class='ocr_line' id='line_1_18' title="bbox 175 1155 1510 1215; baseline 0.001 -18"><span class='ocrx_word' id='word_1_139' title='bbox 175 1156 333 1215; x_wconf 68' lang='lat' dir='ltr'><em>phari?</em></span> <span class='ocrx_word' id='word_1_140' title='bbox 396 1156 450 1196; x_wconf 89' lang='lat' dir='ltr'><em>Et</em></span> <span class='ocrx_word' id='word_1_141' title='bbox 479 1155 647 1212; x_wconf 82' lang='lat' dir='ltr'><em>legiones</em></span> <span class='ocrx_word' id='word_1_142' title='bbox 677 1171 723 1195; x_wconf 82' lang='lat' dir='ltr'><em>ex</em></span> <span class='ocrx_word' id='word_1_143' title='bbox 756 1155 920 1211; x_wconf 76' lang='lat' dir='ltr'><em>Illyrico</em></span> <span class='ocrx_word' id='word_1_144' title='bbox 951 1155 1144 1197; x_wconf 83' lang='lat' dir='ltr'><em>laureatae</em></span> <span class='ocrx_word' id='word_1_145' title='bbox 1178 1156 1308 1196; x_wconf 82' lang='lat' dir='ltr'><em>urbem</em></span> <span class='ocrx_word' id='word_1_146' title='bbox 1337 1160 1510 1210; x_wconf 74' lang='lat' dir='ltr'><em>inibunt,</em></span> 
     </span>
     <span class='ocr_line' id='line_1_19' title="bbox 177 1212 1508 1272; baseline -0.001 -16"><span class='ocrx_word' id='word_1_147' title='bbox 177 1229 217 1257; x_wconf 85' lang='lat' dir='ltr'><em>et</em></span> <span class='ocrx_word' id='word_1_148' title='bbox 255 1214 404 1255; x_wconf 73' lang='lat' dir='ltr'><em>navales</em></span> <span class='ocrx_word' id='word_1_149' title='bbox 434 1214 566 1269; x_wconf 83' lang='lat' dir='ltr'><em>socii?</em></span> <span class='ocrx_word' id='word_1_150' title='bbox 626 1213 898 1254; x_wconf 79' lang='lat' dir='ltr'><em>Macedonicae</em></span> <span class='ocrx_word' id='word_1_151' title='bbox 946 1214 1144 1270; x_wconf 85' lang='lat' dir='ltr'><em>legiones,</em></span> <span class='ocrx_word' id='word_1_152' title='bbox 1192 1215 1266 1270; x_wconf 90' lang='lat' dir='ltr'><em>suo</em></span> <span class='ocrx_word' id='word_1_153' title='bbox 1306 1212 1508 1272; x_wconf 76' lang='lat' dir='ltr'><em>abrogato,</em></span> 
     </span>
     <span class='ocr_line' id='line_1_20' title="bbox 177 1270 1510 1327; baseline 0 -13"><span class='ocrx_word' id='word_1_154' title='bbox 177 1271 399 1325; x_wconf 75' lang='lat' dir='ltr'><em>triumphos</em></span> <span class='ocrx_word' id='word_1_155' title='bbox 428 1272 576 1312; x_wconf 84' lang='lat' dir='ltr'><em>alienos</em></span> <span class='ocrx_word' id='word_1_156' title='bbox 597 1270 865 1327; x_wconf 84' lang='lat' dir='ltr'><em>spectabunt?</em></span> <span class='ocrx_word' id='word_1_157' title='bbox 921 1271 1034 1323; x_wconf 66' lang='lat' dir='ltr'><em>Quid</em></span> <span class='ocrx_word' id='word_1_158' title='bbox 1074 1271 1210 1311; x_wconf 81' lang='lat' dir='ltr'><em>deinde</em></span> <span class='ocrx_word' id='word_1_159' title='bbox 1247 1285 1324 1313; x_wconf 83' lang='lat' dir='ltr'><em>tam</em></span> <span class='ocrx_word' id='word_1_160' title='bbox 1357 1276 1510 1327; x_wconf 83' lang='lat' dir='ltr'><em>opimae</em></span> 
     </span>
     <span class='ocr_line' id='line_1_21' title="bbox 175 1326 1508 1387; baseline 0.001 -16"><span class='ocrx_word' id='word_1_161' title='bbox 175 1330 369 1387; x_wconf 76' lang='lat' dir='ltr'><em>praedae,</em></span> <span class='ocrx_word' id='word_1_162' title='bbox 396 1343 472 1370; x_wconf 86' lang='lat' dir='ltr'><em>tam</em></span> <span class='ocrx_word' id='word_1_163' title='bbox 493 1329 693 1383; x_wconf 86' lang='lat' dir='ltr'><em>opulentae</em></span> <span class='ocrx_word' id='word_1_164' title='bbox 716 1331 906 1370; x_wconf 87' lang='lat' dir='ltr'><em>victoriae</em></span> <span class='ocrx_word' id='word_1_165' title='bbox 927 1329 1069 1384; x_wconf 80' lang='lat' dir='ltr'><em>spoliis</em></span> <span class='ocrx_word' id='word_1_166' title='bbox 1095 1326 1202 1382; x_wconf 83' lang='lat' dir='ltr'><em>fiet?</em></span> <span class='ocrx_word' id='word_1_167' title='bbox 1240 1331 1416 1382; x_wconf 79' lang='lat' dir='ltr'><em>Quonam</em></span> <span class='ocrx_word' id='word_1_168' title='bbox 1443 1331 1508 1372; x_wconf 85' lang='lat' dir='ltr'><em>ab·</em></span> 
     </span>
     <span class='ocr_line' id='line_1_22' title="bbox 176 1387 1510 1442; baseline -0.004 -12"><span class='ocrx_word' id='word_1_169' title='bbox 176 1395 325 1430; x_wconf 81' lang='lat' dir='ltr'><em>dentur</em></span> <span class='ocrx_word' id='word_1_170' title='bbox 357 1387 424 1428; x_wconf 83' lang='lat' dir='ltr'><em>illa</em></span> <span class='ocrx_word' id='word_1_171' title='bbox 455 1400 511 1427; x_wconf 81' lang='lat' dir='ltr'><em>tot</em></span> <span class='ocrx_word' id='word_1_172' title='bbox 539 1387 659 1428; x_wconf 87' lang='lat' dir='ltr'><em>millia</em></span> <span class='ocrx_word' id='word_1_173' title='bbox 686 1400 904 1436; x_wconf 86' lang='lat' dir='ltr'><em>armorum,</em></span> <span class='ocrx_word' id='word_1_174' title='bbox 959 1388 1135 1426; x_wconf 84' lang='lat' dir='ltr'><em>detracta</em></span> <span class='ocrx_word' id='word_1_175' title='bbox 1172 1387 1408 1442; x_wconf 78' lang='lat' dir='ltr'><em>corporibus</em></span> <span class='ocrx_word' id='word_1_176' title='bbox 1442 1387 1510 1430; x_wconf 81' lang='lat' dir='ltr'><em>lto.</em></span> 
     </span>
     <span class='ocr_line' id='line_1_23' title="bbox 164 1444 1510 1502; baseline -0.001 -14"><span class='ocrx_word' id='word_1_177' title='bbox 164 1447 323 1500; x_wconf 80' lang='lat' dir='ltr'><em>stium?</em></span> <span class='ocrx_word' id='word_1_178' title='bbox 379 1460 427 1485; x_wconf 90' lang='lat' dir='ltr'><em>an</em></span> <span class='ocrx_word' id='word_1_179' title='bbox 469 1448 510 1486; x_wconf 88' lang='lat' dir='ltr'><em>in</em></span> <span class='ocrx_word' id='word_1_180' title='bbox 548 1444 817 1485; x_wconf 85' lang='lat' dir='ltr'><em>Macedoniam</em></span> <span class='ocrx_word' id='word_1_181' title='bbox 848 1445 1133 1484; x_wconf 78' lang='lat' dir='ltr'><em>remittentur?</em></span> <span class='ocrx_word' id='word_1_182' title='bbox 1191 1445 1277 1497; x_wconf 78' lang='lat' dir='ltr'><em>Quo</em></span> <span class='ocrx_word' id='word_1_183' title='bbox 1299 1444 1413 1502; x_wconf 84' lang='lat' dir='ltr'><em>figna</em></span> <span class='ocrx_word' id='word_1_184' title='bbox 1442 1460 1510 1486; x_wconf 84' lang='lat' dir='ltr'><em>au-</em></span> 
     </span>
     <span class='ocr_line' id='line_1_24' title="bbox 174 1500 1509 1556; baseline -0.001 -10"><span class='ocrx_word' id='word_1_185' title='bbox 174 1518 264 1554; x_wconf 84' lang='lat' dir='ltr'><em>rea,</em></span> <span class='ocrx_word' id='word_1_186' title='bbox 295 1516 533 1548; x_wconf 85' lang='lat' dir='ltr'><em>marmorea,</em></span> <span class='ocrx_word' id='word_1_187' title='bbox 565 1501 753 1552; x_wconf 84' lang='lat' dir='ltr'><em>eburnea,</em></span> <span class='ocrx_word' id='word_1_188' title='bbox 789 1500 933 1542; x_wconf 85' lang='lat' dir='ltr'><em>tabulae</em></span> <span class='ocrx_word' id='word_1_189' title='bbox 953 1505 1106 1556; x_wconf 81' lang='lat' dir='ltr'><em>pictae,</em></span> <span class='ocrx_word' id='word_1_190' title='bbox 1140 1503 1319 1554; x_wconf 81' lang='lat' dir='ltr'><em>textilia,</em></span> <span class='ocrx_word' id='word_1_191' title='bbox 1357 1516 1509 1546; x_wconf 84' lang='lat' dir='ltr'><em>tantum</em></span> 
     </span>
     <span class='ocr_line' id='line_1_25' title="bbox 175 1560 1529 1619; baseline 0 -17"><span class='ocrx_word' id='word_1_192' title='bbox 175 1564 336 1619; x_wconf 77' lang='lat' dir='ltr'><em>argenti</em></span> <span class='ocrx_word' id='word_1_193' title='bbox 372 1560 527 1609; x_wconf 78' lang='lat' dir='ltr'><em>caelati,</em></span> <span class='ocrx_word' id='word_1_194' title='bbox 569 1573 722 1600; x_wconf 87' lang='lat' dir='ltr'><em>tantum</em></span> <span class='ocrx_word' id='word_1_195' title='bbox 749 1562 866 1608; x_wconf 75' lang='lat' dir='ltr'><em>auri,</em></span> <span class='ocrx_word' id='word_1_196' title='bbox 905 1572 1013 1600; x_wconf 85' lang='lat' dir='ltr'><em>tanta</em></span> <span class='ocrx_word' id='word_1_197' title='bbox 1043 1563 1208 1612; x_wconf 84' lang='lat' dir='ltr'><em>pecunia</em></span> <span class='ocrx_word' id='word_1_198' title='bbox 1243 1562 1390 1616; x_wconf 80' lang='lat' dir='ltr'><em>regia?</em></span> <span class='ocrx_word' id='word_1_199' title='bbox 1441 1563 1529 1602; x_wconf 59' lang='lat' dir='ltr'><em>An*</em></span> 
     </span>
     <span class='ocr_line' id='line_1_26' title="bbox 174 1616 1528 1673; baseline -0.002 -13"><span class='ocrx_word' id='word_1_200' title='bbox 174 1630 290 1661; x_wconf 83' lang='lat' dir='ltr'><em>noctu</em></span> <span class='ocrx_word' id='word_1_201' title='bbox 301 1639 315 1664; x_wconf 58' lang='lat'><em>1</em></span> <span class='ocrx_word' id='word_1_202' title='bbox 376 1631 554 1673; x_wconf 87' lang='lat' dir='ltr'><em>tanquam</em></span> <span class='ocrx_word' id='word_1_203' title='bbox 588 1617 777 1671; x_wconf 87' lang='lat' dir='ltr'><em>furtiva,</em></span> <span class='ocrx_word' id='word_1_204' title='bbox 837 1620 878 1657; x_wconf 91' lang='lat' dir='ltr'><em>in</em></span> <span class='ocrx_word' id='word_1_205' title='bbox 916 1620 1109 1657; x_wconf 88' lang='lat' dir='ltr'><em>aerarium</em></span> <span class='ocrx_word' id='word_1_206' title='bbox 1159 1616 1528 1669; x_wconf 53' lang='lat' dir='ltr'><em>deportabuntur?</em></span> 
     </span>
     <span class='ocr_line' id='line_1_27' title="bbox 176 1661 1527 1730; baseline 0.002 -14"><span class='ocrx_word' id='word_1_207' title='bbox 176 1677 290 1730; x_wconf 73' lang='lat' dir='ltr'><em>Quid</em></span> <span class='ocrx_word' id='word_1_208' title='bbox 329 1676 430 1716; x_wconf 83' lang='lat' dir='ltr'><em>illud</em></span> <span class='ocrx_word' id='word_1_209' title='bbox 459 1674 721 1730; x_wconf 76' lang='lat' dir='ltr'><em>spectaculum</em></span> <span class='ocrx_word' id='word_1_210' title='bbox 760 1678 992 1723; x_wconf 77' lang='lat' dir='ltr'><em>maximum,</em></span> <span class='ocrx_word' id='word_1_211' title='bbox 1057 1673 1308 1730; x_wconf 71' lang='lat' dir='ltr'><em>nobilisfimus</em></span> <span class='ocrx_word' id='word_1_212' title='bbox 1345 1661 1527 1729; x_wconf 36' lang='lat' dir='ltr'><em>opulens]</em></span> 
     </span>
    </p>
   </div>
   <div class='ocr_carea' id='block_1_6' title="bbox 175 1732 1535 1790">
    <p class='ocr_par' dir='ltr' id='par_1_6' title="bbox 175 1732 1535 1790">
     <span class='ocr_line' id='line_1_28' title="bbox 175 1732 1535 1790; baseline -0.001 -15"><span class='ocrx_word' id='word_1_213' title='bbox 175 1735 414 1790; x_wconf 65' lang='lat' dir='ltr'><em>tissimus-que</em></span> <span class='ocrx_word' id='word_1_214' title='bbox 444 1748 518 1773; x_wconf 81' lang='lat' dir='ltr'><em>rex</em></span> <span class='ocrx_word' id='word_1_215' title='bbox 553 1746 716 1787; x_wconf 87' lang='lat' dir='ltr'><em>captus,</em></span> <span class='ocrx_word' id='word_1_216' title='bbox 771 1732 836 1773; x_wconf 84' lang='lat' dir='ltr'><em>uhi</em></span> <span class='ocrx_word' id='word_1_217' title='bbox 872 1734 1021 1772; x_wconf 85' lang='lat' dir='ltr'><em>victori</em></span> <span class='ocrx_word' id='word_1_218' title='bbox 1057 1733 1203 1785; x_wconf 83' lang='lat' dir='ltr'><em>populo</em></span> <span class='ocrx_word' id='word_1_219' title='bbox 1242 1732 1535 1773; x_wconf 70' lang='lat' dir='ltr'><em>ostendetur?¹“</em></span> 
     </span>
    </p>
   </div>
   <div class='ocr_carea' id='block_1_7' title="bbox 167 1788 1525 2137">
    <p class='ocr_par' dir='ltr' id='par_1_7' title="bbox 167 1788 1525 2137">
     <span class='ocr_line' id='line_1_29' title="bbox 175 1788 1525 1848; baseline 0 -16"><span class='ocrx_word' id='word_1_220' title='bbox 175 1794 284 1845; x_wconf 76' lang='lat' dir='ltr'><em>Quos</em></span> <span class='ocrx_word' id='word_1_221' title='bbox 317 1790 484 1848; x_wconf 77' lang='lat' dir='ltr'><em>Syphax</em></span> <span class='ocrx_word' id='word_1_222' title='bbox 516 1806 590 1830; x_wconf 84' lang='lat' dir='ltr'><em>rex</em></span> <span class='ocrx_word' id='word_1_223' title='bbox 619 1804 774 1844; x_wconf 83' lang='lat' dir='ltr'><em>captus,</em></span> <span class='ocrx_word' id='word_1_224' title='bbox 809 1788 958 1846; x_wconf 82' lang='lat' dir='ltr'><em>accessio</em></span> <span class='ocrx_word' id='word_1_225' title='bbox 983 1790 1122 1829; x_wconf 87' lang='lat' dir='ltr'><em>Punici</em></span> <span class='ocrx_word' id='word_1_226' title='bbox 1158 1789 1267 1839; x_wconf 81' lang='lat' dir='ltr'><em>belli,</em></span> <span class='ocrx_word' id='word_1_227' title='bbox 1303 1792 1525 1847; x_wconf 55' lang='lat' dir='ltr'><em>concursus</em></span> 
     </span>
     <span class='ocr_line' id='line_1_30' title="bbox 167 1843 1524 1904; baseline -0.001 -13"><span class='ocrx_word' id='word_1_228' title='bbox 167 1850 340 1904; x_wconf 81' lang='lat' dir='ltr'><em>fecerit,</em></span> <span class='ocrx_word' id='word_1_229' title='bbox 382 1849 565 1903; x_wconf 81' lang='lat' dir='ltr'><em>plerique</em></span> <span class='ocrx_word' id='word_1_230' title='bbox 600 1852 845 1890; x_wconf 83' lang='lat' dir='ltr'><em>meminimus.</em></span> <span class='ocrx_word' id='word_1_231' title='bbox 905 1846 1069 1902; x_wconf 81' lang='lat' dir='ltr'><em>Perseus</em></span> <span class='ocrx_word' id='word_1_232' title='bbox 1100 1862 1174 1887; x_wconf 81' lang='lat' dir='ltr'><em>rex</em></span> <span class='ocrx_word' id='word_1_233' title='bbox 1203 1859 1362 1901; x_wconf 79' lang='lat' dir='ltr'><em>captus,</em></span> <span class='ocrx_word' id='word_1_234' title='bbox 1413 1843 1524 1894; x_wconf 61' lang='lat' dir='ltr'><strong><em>Phi-J</em></strong></span> 
     </span>
     <span class='ocr_line' id='line_1_31' title="bbox 174 1901 1523 1961; baseline -0.001 -12"><span class='ocrx_word' id='word_1_235' title='bbox 174 1908 312 1961; x_wconf 85' lang='lat' dir='ltr'><em>lippus</em></span> <span class='ocrx_word' id='word_1_236' title='bbox 342 1920 380 1946; x_wconf 89' lang='lat' dir='ltr'><em>et</em></span> <span class='ocrx_word' id='word_1_237' title='bbox 410 1905 635 1947; x_wconf 77' lang='lat' dir='ltr'><em>Alexander</em></span> <span class='ocrx_word' id='word_1_238' title='bbox 661 1905 743 1958; x_wconf 85' lang='lat' dir='ltr'><em>filii</em></span> <span class='ocrx_word' id='word_1_239' title='bbox 779 1908 909 1961; x_wconf 81' lang='lat' dir='ltr'><em>regis,</em></span> <span class='ocrx_word' id='word_1_240' title='bbox 975 1918 1085 1946; x_wconf 85' lang='lat' dir='ltr'><em>tanta</em></span> <span class='ocrx_word' id='word_1_241' title='bbox 1120 1908 1290 1956; x_wconf 82' lang='lat' dir='ltr'><em>nomina,</em></span> <span class='ocrx_word' id='word_1_242' title='bbox 1344 1901 1523 1960; x_wconf 52' lang='lat' dir='ltr'><em>subura-³</em></span> 
     </span>
     <span class='ocr_line' id='line_1_32' title="bbox 172 1962 1506 2018; baseline -0.002 -12"><span class='ocrx_word' id='word_1_243' title='bbox 172 1964 319 2006; x_wconf 76' lang='lat' dir='ltr'><em>hentur</em></span> <span class='ocrx_word' id='word_1_244' title='bbox 348 1967 522 2005; x_wconf 82' lang='lat' dir='ltr'><em>civitatis</em></span> <span class='ocrx_word' id='word_1_245' title='bbox 553 1963 708 2005; x_wconf 80' lang='lat' dir='ltr'><em>oculis?</em></span> <span class='ocrx_word' id='word_1_246' title='bbox 742 1962 874 2018; x_wconf 71' lang='lat' dir='ltr'><em>Ipfitm</em></span> <span class='ocrx_word' id='word_1_247' title='bbox 906 1963 950 2003; x_wconf 88' lang='lat' dir='ltr'><em>L.</em></span> <span class='ocrx_word' id='word_1_248' title='bbox 984 1962 1182 2013; x_wconf 76' lang='lat' dir='ltr'><em>Paullum,</em></span> <span class='ocrx_word' id='word_1_249' title='bbox 1213 1963 1273 2002; x_wconf 84' lang='lat' dir='ltr'><em>bis</em></span> <span class='ocrx_word' id='word_1_250' title='bbox 1304 1963 1506 2018; x_wconf 78' lang='lat' dir='ltr'><em>consulem,</em></span> 
     </span>
     <span class='ocr_line' id='line_1_33' title="bbox 173 2013 1520 2075; baseline -0.001 -12"><span class='ocrx_word' id='word_1_251' title='bbox 173 2023 399 2063; x_wconf 83' lang='lat' dir='ltr'><em>domitorem</em></span> <span class='ocrx_word' id='word_1_252' title='bbox 427 2020 634 2071; x_wconf 80' lang='lat' dir='ltr'><em>Graeciae,</em></span> <span class='ocrx_word' id='word_1_253' title='bbox 673 2024 838 2062; x_wconf 89' lang='lat' dir='ltr'><em>omnium</em></span> <span class='ocrx_word' id='word_1_254' title='bbox 860 2020 961 2064; x_wconf 83' lang='lat' dir='ltr'><em>oculi</em></span> <span class='ocrx_word' id='word_1_255' title='bbox 981 2021 1196 2075; x_wconf 82' lang='lat' dir='ltr'><em>conspicere</em></span> <span class='ocrx_word' id='word_1_256' title='bbox 1225 2020 1356 2061; x_wconf 85' lang='lat' dir='ltr'><em>urbem</em></span> <span class='ocrx_word' id='word_1_257' title='bbox 1378 2013 1520 2063; x_wconf 59' lang='lat' dir='ltr'><em>curru3</em></span> 
     </span>
     <span class='ocr_line' id='line_1_34' title="bbox 171 2076 1518 2137; baseline -0.002 -15"><span class='ocrx_word' id='word_1_258' title='bbox 171 2080 455 2137; x_wconf 79' lang='lat' dir='ltr'><em>ingredientem</em></span> <span class='ocrx_word' id='word_1_259' title='bbox 475 2093 600 2119; x_wconf 83' lang='lat' dir='ltr'><em>avent.</em></span> <span class='ocrx_word' id='word_1_260' title='bbox 658 2079 722 2119; x_wconf 87' lang='lat' dir='ltr'><em>Ad</em></span> <span class='ocrx_word' id='word_1_261' title='bbox 753 2076 824 2118; x_wconf 78' lang='lat' dir='ltr'><em>ltoc</em></span> <span class='ocrx_word' id='word_1_262' title='bbox 840 2077 1010 2131; x_wconf 86' lang='lat' dir='ltr'><em>fecimus</em></span> <span class='ocrx_word' id='word_1_263' title='bbox 1039 2077 1245 2134; x_wconf 82' lang='lat' dir='ltr'><em>consulem,</em></span> <span class='ocrx_word' id='word_1_264' title='bbox 1282 2078 1518 2131; x_wconf 56' lang='lat' dir='ltr'><em>nebettam„</em></span> 
     </span>
    </p>
   </div>
   <div class='ocr_carea' id='block_1_8' title="bbox 1522 1536 1535 2154">
    <p class='ocr_par' dir='ltr' id='par_1_8' title="bbox 1522 1536 1535 2154">
     <span class='ocr_line' id='line_1_35' title="bbox 1522 1536 1535 2154; baseline 0 0"><span class='ocrx_word' id='word_1_265' title='bbox 1522 1536 1535 2154; x_wconf 95' lang='lat' dir='ltr'><em> </em></span> 
     </span>
    </p>
   </div>
   <div class='ocr_carea' id='block_1_9' title="bbox 160 2135 1520 2480">
    <p class='ocr_par' dir='ltr' id='par_1_9' title="bbox 160 2135 1520 2480">
     <span class='ocr_line' id='line_1_36' title="bbox 170 2135 1508 2194; baseline -0.001 -16"><span class='ocrx_word' id='word_1_266' title='bbox 170 2153 248 2194; x_wconf 82' lang='lat' dir='ltr'><em>per</em></span> <span class='ocrx_word' id='word_1_267' title='bbox 286 2137 586 2191; x_wconf 77' lang='lat' dir='ltr'><em>quadriennium</em></span> <span class='ocrx_word' id='word_1_268' title='bbox 623 2139 776 2192; x_wconf 79' lang='lat' dir='ltr'><em>ingenti</em></span> <span class='ocrx_word' id='word_1_269' title='bbox 814 2138 925 2177; x_wconf 81' lang='lat' dir='ltr'><em>etiam</em></span> <span class='ocrx_word' id='word_1_270' title='bbox 967 2136 1122 2189; x_wconf 71' lang='lat' dir='ltr'><em>pudore</em></span> <span class='ocrx_word' id='word_1_271' title='bbox 1154 2135 1282 2185; x_wconf 84' lang='lat' dir='ltr'><em>nostro</em></span> <span class='ocrx_word' id='word_1_272' title='bbox 1323 2148 1508 2189; x_wconf 83' lang='lat' dir='ltr'><em>tractum,</em></span> 
     </span>
     <span class='ocr_line' id='line_1_37' title="bbox 168 2192 1509 2250; baseline -0.004 -15"><span class='ocrx_word' id='word_1_273' title='bbox 168 2193 395 2250; x_wconf 80' lang='lat' dir='ltr'><em>perficeret.</em></span> <span class='ocrx_word' id='word_1_274' title='bbox 442 2198 505 2234; x_wconf 88' lang='lat' dir='ltr'><em>cui</em></span> <span class='ocrx_word' id='word_1_275' title='bbox 526 2194 672 2249; x_wconf 71' lang='lat' dir='ltr'><em>Jortito</em></span> <span class='ocrx_word' id='word_1_276' title='bbox 696 2197 968 2248; x_wconf 80' lang='lat' dir='ltr'><em>provinciam,</em></span> <span class='ocrx_word' id='word_1_277' title='bbox 1009 2197 1072 2232; x_wconf 81' lang='lat' dir='ltr'><em>cm·</em></span> <span class='ocrx_word' id='word_1_278' title='bbox 1099 2192 1362 2247; x_wconf 79' lang='lat' dir='ltr'><em>proficiscenti</em></span> <span class='ocrx_word' id='word_1_279' title='bbox 1391 2208 1509 2248; x_wconf 80' lang='lat' dir='ltr'><em>prae.</em></span> 
     </span>
     <span class='ocr_line' id='line_1_38' title="bbox 160 2248 1508 2310; baseline -0.001 -17"><span class='ocrx_word' id='word_1_280' title='bbox 160 2252 402 2310; x_wconf 80' lang='lat' dir='ltr'><em>fugientibus</em></span> <span class='ocrx_word' id='word_1_281' title='bbox 443 2256 581 2293; x_wconf 84' lang='lat' dir='ltr'><em>animis</em></span> <span class='ocrx_word' id='word_1_282' title='bbox 617 2254 819 2291; x_wconf 85' lang='lat' dir='ltr'><em>victoriam</em></span> <span class='ocrx_word' id='word_1_283' title='bbox 867 2248 1185 2304; x_wconf 72' lang='lat' dir='ltr'><em>triumphumque</em></span> <span class='ocrx_word' id='word_1_284' title='bbox 1222 2249 1508 2304; x_wconf 75' lang='lat' dir='ltr'><em>destinavimus,</em></span> 
     </span>
     <span class='ocr_line' id='line_1_39' title="bbox 169 2307 1505 2364; baseline -0.001 -14"><span class='ocrx_word' id='word_1_285' title='bbox 169 2313 206 2351; x_wconf 87' lang='lat' dir='ltr'><em>ei</em></span> <span class='ocrx_word' id='word_1_286' title='bbox 241 2312 387 2352; x_wconf 82' lang='lat' dir='ltr'><em>victori</em></span> <span class='ocrx_word' id='word_1_287' title='bbox 426 2307 673 2363; x_wconf 76' lang='lat' dir='ltr'><em>triumphum</em></span> <span class='ocrx_word' id='word_1_288' title='bbox 711 2309 929 2364; x_wconf 81' lang='lat' dir='ltr'><em>negaturi?</em></span> <span class='ocrx_word' id='word_1_289' title='bbox 968 2321 1006 2348; x_wconf 89' lang='lat' dir='ltr'><em>et</em></span> <span class='ocrx_word' id='word_1_290' title='bbox 1040 2308 1192 2362; x_wconf 81' lang='lat' dir='ltr'><em>quidem</em></span> <span class='ocrx_word' id='word_1_291' title='bbox 1229 2321 1305 2357; x_wconf 90' lang='lat' dir='ltr'><em>non</em></span> <span class='ocrx_word' id='word_1_292' title='bbox 1337 2307 1505 2350; x_wconf 72' lang='lat' dir='ltr'><em>homines</em></span> 
     </span>
     <span class='ocr_line' id='line_1_40' title="bbox 168 2355 1520 2420; baseline 0 -12"><span class='ocrx_word' id='word_1_293' title='bbox 168 2381 340 2418; x_wconf 73' lang='lat' dir='ltr'><em>tantum,</em></span> <span class='ocrx_word' id='word_1_294' title='bbox 395 2366 468 2420; x_wconf 70' lang='lat' dir='ltr'><em>sed</em></span> <span class='ocrx_word' id='word_1_295' title='bbox 509 2367 616 2406; x_wconf 86' lang='lat' dir='ltr'><em>Deos</em></span> <span class='ocrx_word' id='word_1_296' title='bbox 657 2368 768 2407; x_wconf 77' lang='lat' dir='ltr'><em>etiam</em></span> <span class='ocrx_word' id='word_1_297' title='bbox 796 2366 870 2420; x_wconf 88' lang='lat' dir='ltr'><em>suo</em></span> <span class='ocrx_word' id='word_1_298' title='bbox 901 2363 1048 2405; x_wconf 74' lang='lat' dir='ltr'><em>honore</em></span> <span class='ocrx_word' id='word_1_299' title='bbox 1067 2365 1344 2419; x_wconf 83' lang='lat' dir='ltr'><em>fraudaturi?</em></span> <span class='ocrx_word' id='word_1_300' title='bbox 1405 2355 1520 2408; x_wconf 73' lang='lat' dir='ltr'><em>Diis-¹</em></span> 
     </span>
     <span class='ocr_line' id='line_1_41' title="bbox 166 2421 1506 2480; baseline -0.001 -14"><span class='ocrx_word' id='word_1_301' title='bbox 166 2438 322 2480; x_wconf 76' lang='lat' dir='ltr'><em>quoque</em></span> <span class='ocrx_word' id='word_1_302' title='bbox 356 2428 475 2474; x_wconf 86' lang='lat' dir='ltr'><em>enim,</em></span> <span class='ocrx_word' id='word_1_303' title='bbox 507 2438 579 2465; x_wconf 88' lang='lat' dir='ltr'><em>non</em></span> <span class='ocrx_word' id='word_1_304' title='bbox 594 2423 719 2479; x_wconf 86' lang='lat' dir='ltr'><em>solum</em></span> <span class='ocrx_word' id='word_1_305' title='bbox 738 2421 971 2473; x_wconf 76' lang='lat' dir='ltr'><em>hominibus,</em></span> <span class='ocrx_word' id='word_1_306' title='bbox 1002 2423 1177 2463; x_wconf 78' lang='lat' dir='ltr'><em>debetur.</em></span> <span class='ocrx_word' id='word_1_307' title='bbox 1222 2421 1365 2464; x_wconf 86' lang='lat' dir='ltr'><em>Utrum</em></span> <span class='ocrx_word' id='word_1_308' title='bbox 1385 2427 1506 2480; x_wconf 81' lang='lat' dir='ltr'><em>majo-</em></span> 
     </span>
    </p>
   </div>
   <div class='ocr_carea' id='block_1_10' title="bbox 1541 2035 1548 2233">
    <p class='ocr_par' dir='ltr' id='par_1_10' title="bbox 1541 2035 1548 2233">
     <span class='ocr_line' id='line_1_42' title="bbox 1543 2035 1548 2061; baseline 0 0"><span class='ocrx_word' id='word_1_309' title='bbox 1543 2035 1548 2061; x_wconf 78' lang='lat'>1</span> 
     </span>
     <span class='ocr_line' id='line_1_43' title="bbox 1542 2078 1548 2119; baseline 0 0"><span class='ocrx_word' id='word_1_310' title='bbox 1542 2078 1548 2119; x_wconf 64' lang='lat' dir='ltr'><em>l</em></span> 
     </span>
     <span class='ocr_line' id='line_1_44' title="bbox 1541 2151 1548 2178; baseline 0 0"><span class='ocrx_word' id='word_1_311' title='bbox 1541 2151 1548 2178; x_wconf 77' lang='grc' dir='ltr'>ί</span> 
     </span>
     <span class='ocr_line' id='line_1_45' title="bbox 1545 2209 1548 2233; baseline 0 0"><span class='ocrx_word' id='word_1_312' title='bbox 1545 2209 1548 2233; x_wconf 65' lang='grc' dir='ltr'>τ</span> 
     </span>
    </p>
   </div>
   <div class='ocr_carea' id='block_1_11' title="bbox 1543 2269 1548 2292">
    <p class='ocr_par' dir='ltr' id='par_1_11' title="bbox 1543 2269 1548 2292">
     <span class='ocr_line' id='line_1_46' title="bbox 1543 2269 1548 2292; baseline 0 0"><span class='ocrx_word' id='word_1_313' title='bbox 1543 2269 1548 2292; x_wconf 68' lang='lat' dir='ltr'>d</span> 
     </span>
    </p>
   </div>
   <div class='ocr_carea' id='block_1_12' title="bbox 163 2469 1548 2542">
    <p class='ocr_par' dir='ltr' id='par_1_12' title="bbox 163 2469 1548 2542">
     <span class='ocr_line' id='line_1_47' title="bbox 163 2469 1548 2542; baseline -0.001 -19"><span class='ocrx_word' id='word_1_314' title='bbox 163 2498 231 2525; x_wconf 77' lang='lat' dir='ltr'><em>res</em></span> <span class='ocrx_word' id='word_1_315' title='bbox 261 2481 380 2536; x_wconf 80' lang='lat' dir='ltr'><em>vestri</em></span> <span class='ocrx_word' id='word_1_316' title='bbox 409 2484 574 2531; x_wconf 80' lang='lat' dir='ltr'><em>omnium</em></span> <span class='ocrx_word' id='word_1_317' title='bbox 609 2494 839 2538; x_wconf 84' lang='lat' dir='ltr'><em>magnarum</em></span> <span class='ocrx_word' id='word_1_318' title='bbox 879 2494 1016 2524; x_wconf 80' lang='lat' dir='ltr'><em>rerum</em></span> <span class='ocrx_word' id='word_1_319' title='bbox 1053 2494 1092 2522; x_wconf 87' lang='lat' dir='ltr'><em>et</em></span> <span class='ocrx_word' id='word_1_320' title='bbox 1126 2482 1332 2535; x_wconf 78' lang='lat' dir='ltr'><em>principia</em></span> <span class='ocrx_word' id='word_1_321' title='bbox 1369 2479 1508 2535; x_wconf 76' lang='lat' dir='ltr'><em>exorsi</em></span> <span class='ocrx_word' id='word_1_322' title='bbox 1531 2469 1548 2542; x_wconf 35' lang='lat'><em>¹¹⁴</em></span> 
     </span>
    </p>
   </div>
   <div class='ocr_carea' id='block_1_13' title="bbox 1456 2538 1506 2581">
    <p class='ocr_par' dir='ltr' id='par_1_13' title="bbox 1456 2538 1506 2581">
     <span class='ocr_line' id='line_1_48' title="bbox 1456 2538 1506 2581; baseline -0.02 0"><span class='ocrx_word' id='word_1_323' title='bbox 1456 2538 1506 2581; x_wconf 76' lang='lat' dir='ltr'><em>ab</em></span> 
     </span>
    </p>
   </div>
  </div>
 </body>
</html>
