1548 2703
211 90 244 130 L
262 90 283 129 1
304 87 338 128 Β
362 80 400 129 Ε
418 89 459 129 R
499 88 740 144 xxxvm.
809 87 920 126 cn.
945 86 1073 126 xxn.
1095 84 1244 125 xxm.
1321 85 1419 136 *341

368 161 419 199 U.
446 161 488 198 C.
511 161 611 205 563.
849 171 884 196 a.
906 159 949 196 C.
973 157 1028 196 N.
1055 163 1187 223 ¹89·-

91 217 354 230 ,.-.-......

87 242 255 289 modico
277 238 450 293 uterque
478 239 727 294 intervallo,
756 239 873 285 yelut
903 251 955 275 ex
985 236 1230 290 composito,
1274 250 1421 290 coepe·

85 311 210 340 runt:
244 298 354 351 quod
374 298 512 350 primo
535 299 741 350 optimum
773 294 883 334 factu
904 294 1066 343 fuisset,
1098 296 1146 333 in
1178 295 1223 333 id
1246 293 1421 334 necessi-

37 400 51 408 (
76 368 170 397 tate
196 355 284 410 ipsa
306 353 516 408 compulsi.
575 353 760 393 Subfidia
790 354 905 392 enim
938 352 986 390 in
1013 353 1166 391 ,talibus
1190 351 1421 405 iniquitati·

87 417 162 455 bus
183 415 370 452 locorum
391 412 574 450 maximo
596 411 718 465 saepe
737 410 827 449 usui
840 410 1035 455 fuerunt:
1065 420 1121 459 ut,
1144 411 1291 463 primis
1311 408 1421 448 forte

88 472 342 520 deturbatis,
374 468 549 508 secundi
571 480 612 508 et
631 479 774 522 tegant
796 468 955 522 pulsos,
998 477 1038 506 et
1057 467 1211 520 integri
1232 481 1421 520 pugnam

88 530 314 584 excipiant.
374 527 551 575 Consul,
583 526 800 580 postquam
833 525 885 564 ad
916 525 1120 574 tumulos,
1163 526 1215 563 ab
1245 525 1328 564 levi
1358 539 1421 563 ar-

63 597 250 637 ·matura
268 596 429 639 captos,
461 586 599 638 prima
620 584 733 638 signa
761 585 977 635 legionum
1009 593 1323 636 pervenerunt,
1355 596 1423 621 re-

88 645 246 699 spirare
275 654 315 682 et
343 642 640 696 conquiescere
670 642 883 695 paulisper
910 641 1091 679 militem
1120 641 1261 691 jubet3
1300 639 1422 678 simul

88 703 214 741 strata
241 715 318 754 per
348 701 526 739 tumulos
547 714 724 753 corpora
745 700 970 739 Gallorum
996 708 1195 737 ostentat:
1230 697 1306 747 Et,
1338 710 1424 737 cum

89 760 181 800 Ievis
205 771 407 798 armatura
435 756 510 796 tale
536 757 728 811 proelium
755 755 949 801 edidexis,
993 754 1092 808 quial
1116 753 1423 810 ab'legionihus,

90 817 194 870 quid
215 815 259 855 ab
279 814 396 870 justis
419 816 559 862 armis,
611 814 710 866 quid
750 814 797 854 ab
827 817 966 854 animis
989 810 1297 867 sbrtisfimorum
1326 811 1424 851 mili.

84 888 169 914 -tum
200 873 451 927 exspectari?
506 871 640 923 Castra
667 872 746 911 illis
776 871 962 925 capienda
993 869 1083 923 effe,
1137 873 1177 910 in
1206 883 1299 924 quae
1330 882 1424 909 com-

88 931 221 986 pulsus
250 929 295 970 ab
323 930 398 970 levi
437 942 641 970 armatura
679 927 795 979 hostis
829 928 1016 981 trepidet.
1078 928 1335 968 Praecedere
1365 938 1421 966 ta-

89 1004 192 1029 men
212 990 328 1043 jubet
347 989 485 1027 levem
505 998 783 1026 armaturam:
816 1001 944 1040 quae,
989 1002 1084 1029 cum
1108 985 1232 1024 staret
1252 999 1422 1039 agmen,

89 1044 338 1101 colligendis
380 1061 457 1099 per
496 1046 678 1084 tumulos
717 1045 832 1093 telis,
891 1055 934 1082 ut
972 1043 1134 1083 misfilia
1163 1041 1420 1091 sufficerent,

88 1104 202 1144 haud
232 1103 357 1156 segne
386 1104 432 1142 id
458 1103 593 1157 ipsum
621 1114 782 1156 tempus
804 1101 1097 1141 consumserat.
1160 1103 1251 1141 Jam
1275 1100 1419 1140 castris

88 1162 510 1216 appropinquabant:
544 1171 584 1200 et
605 1160 732 1208 Galli,
752 1174 809 1198 ne
831 1173 980 1212 parum
1002 1159 1042 1198 se
1061 1160 1327 1198 munimenta
1349 1157 1421 1196 sua.

90 1230 305 1274 tegerent,
345 1219 493 1257 armati
516 1232 594 1272 pro
617 1219 724 1257 vallo
745 1216 1032 1256 constiterant.
1095 1217 1230 1255 obruti
1262 1214 1422 1255 deinde

91 1278 211 1317 omni
237 1277 395 1330 genere
423 1278 624 1324 telorum,
675 1289 794 1323 cum,
844 1289 925 1327 quo
956 1275 1097 1328 plures
1128 1289 1175 1313 ac
1203 1273 1419 1312 densiores

91 1345 237 1383 erant,
270 1347 319 1372 eo
339 1335 480 1373 min-us
504 1333 602 1373 vani
624 1334 849 1385 quidquam
872 1331 1147 1371 intercideret
1176 1333 1269 1380 teli,
1302 1332 1419 1369 intra

90 1393 246 1434 vallum
287 1402 504 1432 momento
533 1391 733 1444 temporis
776 1390 1113 1443 compelluntur,
1171 1389 1419 1428 stationibus

88 1461 252 1490 tantum
273 1450 403 1490 firmis
423 1448 478 1488 ad
499 1447 604 1502 ipsos
623 1447 755 1487 aditus
778 1459 993 1500 portarum
1013 1448 1179 1487 relictis.
1240 1449 1294 1486 In
1315 1446 1421 1484 mul-

78 1507 338 1558 vtitudinem,
378 1506 630 1561 compulsam
656 1506 706 1545 in
743 1504 896 1553 castra,
935 1506 995 1544 vis
1021 1506 1174 1559 ingens
1202 1504 1418 1544 missilium

89 1567 268 1605 telorum
300 1566 622 1618 conjiciebatur:
673 1574 737 1613 et,
785 1564 1001 1603 vulnerari
1025 1565 1197 1611 multos,
1239 1564 1417 1610 clamor,

91 1624 325 1678 permixtus
347 1623 573 1662 mulierum
595 1632 715 1674 atque
746 1635 989 1674 puerorum!¹
1000 1621 1252 1673 ploratibus,
1292 1619 1416 1672 figni-

93 1682 250 1721 ficabat.
309 1683 363 1720 In
389 1693 482 1729 θος,
524 1680 594 1733 qui
615 1690 754 1733 portas
781 1678 1026 1717 stationibus
1058 1678 1138 1717 suis
1163 1677 1413 1725 clauserant,

91 1740 305 1793 legionum
324 1737 590 1791 antesignani
609 1738 693 1791 pila
715 1736 1001 1789 conjecerunt.
1031 1736 1076 1776 hi
1096 1750 1195 1775 vero
1217 1749 1311 1775 non
1328 1733 1416 1773 vul-

91 1798 375 1846 nerabantur,
402 1795 496 1845 sed,
523 1794 869 1835 transverberatis
899 1793 1043 1846 scutis,
1080 1796 1270 1849 plerique
1298 1794 1417 1832 inter

93 1854 133 1893 se
164 1854 347 1894 conferti
373 1854 628 1894 haerebantz
672 1866 755 1892 nec
783 1851 934 1891 diutius
965 1851 1171 1907 impetum
1203 1853 1417 1892 Romano-

92 1927 188 1951 rum
207 1912 508 1953 sustinuerunt.

209 2029 359 2072 XXIII.
418 2027 656 2067 Patentibus
674 2026 757 2078 jam
778 2025 922 2079 portis,
949 2018 1191 2079 priukquam
1209 2023 1416 2076 irrumpe-

95 2097 195 2128 rent
214 2089 413 2135 victores,
453 2084 550 2139 fuga
579 2099 602 2124 e
622 2083 760 2124 castris
785 2084 1002 2131 Gallorum
1020 2084 1071 2134 sin
1098 2095 1247 2121 omnes
1275 2091 1414 2135 partes

95 2145 203 2187 facta
223 2144 292 2184 est.
331 2154 464 2182 ruunt
482 2143 594 2182 caeci
614 2157 690 2197 per
712 2143 796 2181 vias
811 2169 823 2189 ,
852 2155 929 2195 per
947 2140 1084 2179 invia:
1117 2140 1235 2178 nulla
1259 2140 1417 2193 praeci-

95 2196 197 2257 pi'tia
217 2202 324 2251 saxa,
344 2202 488 2240 nullae
507 2214 632 2253 rupes
646 2199 830 2240 obstant;
860 2198 969 2237 nihil
982 2209 1148 2251 praeter
1159 2195 1320 2236 hostem
1335 2211 1420 2236 me·

97 2271 234 2300 tuunt.
294 2262 439 2311 Itaque
458 2259 648 2313 plerique
677 2257 925 2311 praecipites
955 2270 1033 2308 per
1063 2255 1217 2295 vastam
1240 2255 1419 2294 altitudi-

99 2331 200 2356 nem
219 2316 399 2371 prolapsi
420 2327 489 2356 aut
509 2316 713 2369 debilitati
736 2316 1047 2354 exanimantur.
1090 2312 1248 2361 consul,
1280 2312 1420 2350 castris

100 2376 243 2427 captis,
263 2374 501 2428 direptione
520 2373 760 2427 praedaque
780 2373 960 2412 abstinet
979 2372 1175 2410 militem:
1209 2369 1321 2422 sequi
1342 2383 1421 2423 pro

100 2432 391 2486 seuquemquffi
421 2443 461 2470 et.
479 2430 658 2481 instare,
687 2441 728 2470 et
747 2429 944 2484 perculsis
967 2443 1164 2483 pavorem
1187 2427 1342 2466 addere
1364 2428 1422 2479 {u-

98 2491 183 2531 bet.
243 2491 492 2546 Supervenit
513 2500 554 2531 et
575 2491 751 2531 alterum
775 2502 871 2526 eum
892 2489 934 2527 L.
957 2488 1117 2529 Manlio
1138 2496 1314 2541 agmenz,
1341 2497 1425 2535 nec

787 2546 820 2585 Y
855 2548 882 2593 3
1358 2553 1426 2582 eos
