<?xml version="1.0" encoding="UTF-8"?>
<!DOCTYPE html PUBLIC "-//W3C//DTD XHTML 1.0 Transitional//EN"
    "http://www.w3.org/TR/xhtml1/DTD/xhtml1-transitional.dtd">
<html xmlns="http://www.w3.org/1999/xhtml" xml:lang="en" lang="en">
 <head>
  <title>
</title>
<meta http-equiv="Content-Type" content="text/html;charset=utf-8" />
  <meta name='ocr-system' content='tesseract 3.04.00' />
  <meta name='ocr-capabilities' content='ocr_page ocr_carea ocr_par ocr_line ocrx_word'/>
</head>
<body>
  <div class='ocr_page' id='page_1' title='image "./historiarumlib03livyuoft_0675.png"; bbox 0 0 1548 2703; ppageno 0'>
   <div class='ocr_carea' id='block_1_1' title="bbox 167 61 1360 182">
    <p class='ocr_par' dir='ltr' id='par_1_1' title="bbox 167 61 1360 182">
     <span class='ocr_line' id='line_1_1' title="bbox 167 61 1360 114; baseline -0.009 -5"><span class='ocrx_word' id='word_1_1' title='bbox 167 68 373 109; x_wconf 85' lang='lat' dir='ltr'>LIBER</span> <span class='ocrx_word' id='word_1_2' title='bbox 410 69 532 108; x_wconf 85' lang='lat' dir='ltr'>XLV.</span> <span class='ocrx_word' id='word_1_3' title='bbox 603 68 715 107; x_wconf 79' lang='lat' dir='ltr'><strong>CAP.</strong></span> <span class='ocrx_word' id='word_1_4' title='bbox 755 66 936 106; x_wconf 86' lang='lat' dir='ltr'><strong>XXXVI.</strong></span> <span class='ocrx_word' id='word_1_5' title='bbox 969 65 1176 103; x_wconf 84' lang='lat' dir='ltr'>XXXVII.</span> <span class='ocrx_word' id='word_1_6' title='bbox 1279 61 1360 114; x_wconf 62' lang='lat'>(3537</span> 
     </span>
     <span class='ocr_line' id='line_1_2' title="bbox 264 131 1086 182; baseline -0.005 -5"><span class='ocrx_word' id='word_1_7' title='bbox 264 141 315 177; x_wconf 85' lang='lat' dir='ltr'><strong>U.</strong></span> <span class='ocrx_word' id='word_1_8' title='bbox 344 141 387 177; x_wconf 75' lang='lat' dir='ltr'><strong>C.</strong></span> <span class='ocrx_word' id='word_1_9' title='bbox 421 141 515 182; x_wconf 68' lang='lat'><strong>5-2-55.</strong></span> <span class='ocrx_word' id='word_1_10' title='bbox 763 149 798 173; x_wconf 90' lang='lat' dir='ltr'><strong>a.</strong></span> <span class='ocrx_word' id='word_1_11' title='bbox 829 137 872 174; x_wconf 91' lang='lat' dir='ltr'><strong>C.</strong></span> <span class='ocrx_word' id='word_1_12' title='bbox 904 136 958 174; x_wconf 82' lang='lat' dir='ltr'><strong>N.</strong></span> <span class='ocrx_word' id='word_1_13' title='bbox 994 131 1086 182; x_wconf 79' lang='lat'>167.</span> 
     </span>
    </p>
   </div>
   <div class='ocr_carea' id='block_1_2' title="bbox 32 212 1365 1415">
    <p class='ocr_par' dir='ltr' id='par_1_2' title="bbox 32 212 1365 1415">
     <span class='ocr_line' id='line_1_3' title="bbox 34 212 1360 269; baseline -0.005 -12"><span class='ocrx_word' id='word_1_14' title='bbox 34 217 271 257; x_wconf 81' lang='lat' dir='ltr'><strong>Macedonas</strong></span> <span class='ocrx_word' id='word_1_15' title='bbox 312 221 353 257; x_wconf 86' lang='lat' dir='ltr'><strong>in</strong></span> <span class='ocrx_word' id='word_1_16' title='bbox 392 215 547 256; x_wconf 73' lang='lat' dir='ltr'><strong>meliore</strong></span> <span class='ocrx_word' id='word_1_17' title='bbox 565 216 767 268; x_wconf 76' lang='lat' dir='ltr'><strong>fortuna,</strong></span> <span class='ocrx_word' id='word_1_18' title='bbox 825 227 935 269; x_wconf 83' lang='lat' dir='ltr'><strong>quam</strong></span> <span class='ocrx_word' id='word_1_19' title='bbox 973 212 1112 253; x_wconf 81' lang='lat' dir='ltr'><em>milites</em></span> <span class='ocrx_word' id='word_1_20' title='bbox 1156 212 1360 259; x_wconf 78' lang='lat' dir='ltr'><strong>Romanos,</strong></span> 
     </span>
     <span class='ocr_line' id='line_1_4' title="bbox 35 268 1362 329; baseline -0.005 -15"><span class='ocrx_word' id='word_1_21' title='bbox 35 274 113 329; x_wconf 77' lang='lat' dir='ltr'><strong>effe.</strong></span> <span class='ocrx_word' id='word_1_22' title='bbox 176 273 465 328; x_wconf 68' lang='lat' dir='ltr'><strong>Si&#39;fi‘equentes</strong></span> <span class='ocrx_word' id='word_1_23' title='bbox 495 271 646 326; x_wconf 74' lang='lat' dir='ltr'><strong>postero</strong></span> <span class='ocrx_word' id='word_1_24' title='bbox 679 271 740 312; x_wconf 80' lang='lat' dir='ltr'><strong>die</strong></span> <span class='ocrx_word' id='word_1_25' title='bbox 773 271 824 312; x_wconf 75' lang='lat' dir='ltr'><strong>aaz</strong></span> <span class='ocrx_word' id='word_1_26' title='bbox 851 271 970 327; x_wconf 83' lang='lat' dir='ltr'><strong>legem</strong></span> <span class='ocrx_word' id='word_1_27' title='bbox 1000 268 1277 322; x_wconf 77' lang='lat' dir='ltr'><em>antiquandam</em></span> <span class='ocrx_word' id='word_1_28' title='bbox 1297 268 1362 308; x_wconf 74' lang='lat' dir='ltr'><strong>ad-</strong></span> 
     </span>
     <span class='ocr_line' id='line_1_5' title="bbox 35 328 1360 385; baseline -0.004 -15"><span class='ocrx_word' id='word_1_29' title='bbox 35 331 171 385; x_wconf 82' lang='lat' dir='ltr'><strong>effent,</strong></span> <span class='ocrx_word' id='word_1_30' title='bbox 223 331 485 371; x_wconf 76' lang='lat' dir='ltr'><em>intellecturos</em></span> <span class='ocrx_word' id='word_1_31' title='bbox 516 342 688 383; x_wconf 76' lang='lat' dir='ltr'><strong>potentes</strong></span> <span class='ocrx_word' id='word_1_32' title='bbox 724 332 852 378; x_wconf 86' lang='lat' dir='ltr'><strong>viros,</strong></span> <span class='ocrx_word' id='word_1_33' title='bbox 901 343 976 368; x_wconf 88' lang='lat' dir='ltr'><strong>non</strong></span> <span class='ocrx_word' id='word_1_34' title='bbox 1015 331 1139 367; x_wconf 84' lang='lat' dir='ltr'><strong>omnia</strong></span> <span class='ocrx_word' id='word_1_35' title='bbox 1173 331 1212 366; x_wconf 84' lang='lat' dir='ltr'><strong>in</strong></span> <span class='ocrx_word' id='word_1_36' title='bbox 1242 328 1360 372; x_wconf 67' lang='lat' dir='ltr'><strong>ducis,</strong></span> 
     </span>
     <span class='ocr_line' id='line_1_6' title="bbox 32 384 1358 442; baseline -0.005 -14"><span class='ocrx_word' id='word_1_37' title='bbox 32 387 188 442; x_wconf 73' lang='lat' dir='ltr'><strong>aliquid</strong></span> <span class='ocrx_word' id='word_1_38' title='bbox 219 400 258 427; x_wconf 82' lang='lat' dir='ltr'><strong>et</strong></span> <span class='ocrx_word' id='word_1_39' title='bbox 297 392 337 429; x_wconf 81' lang='lat' dir='ltr'><strong>in</strong></span> <span class='ocrx_word' id='word_1_40' title='bbox 370 387 534 427; x_wconf 79' lang='lat' dir='ltr'><strong>militum</strong></span> <span class='ocrx_word' id='word_1_41' title='bbox 573 399 683 425; x_wconf 78' lang='lat' dir='ltr'><strong>mamc</strong></span> <span class='ocrx_word' id='word_1_42' title='bbox 722 386 804 439; x_wconf 85' lang='lat' dir='ltr'><strong>effe.</strong></span> <span class='ocrx_word' id='word_1_43' title='bbox 883 387 958 425; x_wconf 89' lang='lat' dir='ltr'><strong>His</strong></span> <span class='ocrx_word' id='word_1_44' title='bbox 986 386 1156 427; x_wconf 81' lang='lat' dir='ltr'><strong>vocibus</strong></span> <span class='ocrx_word' id='word_1_45' title='bbox 1182 384 1358 432; x_wconf 85' lang='lat' dir='ltr'><strong>incitati,</strong></span> 
     </span>
     <span class='ocr_line' id='line_1_7' title="bbox 35 442 1361 502; baseline -0.005 -17"><span class='ocrx_word' id='word_1_46' title='bbox 35 446 202 502; x_wconf 83' lang='lat' dir='ltr'><strong>postero</strong></span> <span class='ocrx_word' id='word_1_47' title='bbox 225 444 294 485; x_wconf 88' lang='lat' dir='ltr'><strong>die</strong></span> <span class='ocrx_word' id='word_1_48' title='bbox 316 447 468 485; x_wconf 81' lang='lat' dir='ltr'><strong>milites</strong></span> <span class='ocrx_word' id='word_1_49' title='bbox 498 455 618 483; x_wconf 83' lang='lat' dir='ltr'><strong>tanta</strong></span> <span class='ocrx_word' id='word_1_50' title='bbox 645 443 884 497; x_wconf 73' lang='lat' dir='ltr'>frequentia</span> <span class='ocrx_word' id='word_1_51' title='bbox 906 443 1153 498; x_wconf 77' lang='lat' dir='ltr'><strong>Capitolium</strong></span> <span class='ocrx_word' id='word_1_52' title='bbox 1181 442 1361 494; x_wconf 80' lang='lat' dir='ltr'><strong>comple·</strong></span> 
     </span>
     <span class='ocr_line' id='line_1_8' title="bbox 35 499 1361 556; baseline -0.006 -12"><span class='ocrx_word' id='word_1_53' title='bbox 35 514 205 552; x_wconf 79' lang='lat' dir='ltr'><strong>verunt,</strong></span> <span class='ocrx_word' id='word_1_54' title='bbox 223 514 272 542; x_wconf 79' lang='lat' dir='ltr'><strong>ut</strong></span> <span class='ocrx_word' id='word_1_55' title='bbox 289 503 422 542; x_wconf 85' lang='lat' dir='ltr'><strong>aditus</strong></span> <span class='ocrx_word' id='word_1_56' title='bbox 442 503 546 541; x_wconf 86' lang='lat' dir='ltr'><strong>nulli</strong></span> <span class='ocrx_word' id='word_1_57' title='bbox 567 512 784 556; x_wconf 83' lang='lat' dir='ltr'><strong>praeterea</strong></span> <span class='ocrx_word' id='word_1_58' title='bbox 803 501 855 541; x_wconf 86' lang='lat' dir='ltr'><strong>ad</strong></span> <span class='ocrx_word' id='word_1_59' title='bbox 874 500 1112 556; x_wconf 76' lang='lat' dir='ltr'><strong>suffragium</strong></span> <span class='ocrx_word' id='word_1_60' title='bbox 1132 499 1361 538; x_wconf 82' lang='lat' dir='ltr'><strong>ferendum</strong></span> 
     </span>
     <span class='ocr_line' id='line_1_9' title="bbox 36 559 1363 613; baseline -0.005 -13"><span class='ocrx_word' id='word_1_61' title='bbox 36 560 150 600; x_wconf 83' lang='lat' dir='ltr'><strong>esset.</strong></span> <span class='ocrx_word' id='word_1_62' title='bbox 181 562 301 600; x_wconf 83' lang='lat' dir='ltr'><strong>Intro</strong></span> <span class='ocrx_word' id='word_1_63' title='bbox 319 571 486 601; x_wconf 84' lang='lat' dir='ltr'><strong>vocatae</strong></span> <span class='ocrx_word' id='word_1_64' title='bbox 505 562 668 613; x_wconf 82' lang='lat' dir='ltr'><strong>primae</strong></span> <span class='ocrx_word' id='word_1_65' title='bbox 688 561 820 599; x_wconf 87' lang='lat' dir='ltr'><strong>tribus</strong></span> <span class='ocrx_word' id='word_1_66' title='bbox 841 574 936 598; x_wconf 88' lang='lat' dir='ltr'><strong>cum</strong></span> <span class='ocrx_word' id='word_1_67' title='bbox 954 559 1242 611; x_wconf 79' lang='lat' dir='ltr'><strong>antiquarent‚</strong></span> <span class='ocrx_word' id='word_1_68' title='bbox 1263 569 1363 595; x_wconf 85' lang='lat' dir='ltr'><strong>cou-</strong></span> 
     </span>
     <span class='ocr_line' id='line_1_10' title="bbox 37 612 1362 672; baseline -0.005 -15"><span class='ocrx_word' id='word_1_69' title='bbox 37 618 179 658; x_wconf 80' lang='lat' dir='ltr'><strong>eurl&#39;us</strong></span> <span class='ocrx_word' id='word_1_70' title='bbox 203 618 252 657; x_wconf 88' lang='lat' dir='ltr'><strong>in</strong></span> <span class='ocrx_word' id='word_1_71' title='bbox 274 619 523 672; x_wconf 80' lang='lat' dir='ltr'><strong>Capitolium</strong></span> <span class='ocrx_word' id='word_1_72' title='bbox 545 617 787 671; x_wconf 80' lang='lat' dir='ltr'><strong>principum</strong></span> <span class='ocrx_word' id='word_1_73' title='bbox 809 618 982 656; x_wconf 83' lang='lat' dir='ltr'><strong>civitatis</strong></span> <span class='ocrx_word' id='word_1_74' title='bbox 1014 615 1147 654; x_wconf 77' lang='lat' dir='ltr'><strong>factus</strong></span> <span class='ocrx_word' id='word_1_75' title='bbox 1176 614 1256 663; x_wconf 82' lang='lat' dir='ltr'><strong>est,</strong></span> <span class='ocrx_word' id='word_1_76' title='bbox 1298 612 1362 652; x_wconf 88' lang='lat' dir='ltr'><strong>In-</strong></span> 
     </span>
     <span class='ocr_line' id='line_1_11' title="bbox 39 671 1363 731; baseline -0.003 -17"><span class='ocrx_word' id='word_1_77' title='bbox 39 673 200 731; x_wconf 75' lang='lat' dir='ltr'><strong>dignum</strong></span> <span class='ocrx_word' id='word_1_78' title='bbox 229 674 390 728; x_wconf 78' lang='lat' dir='ltr'><strong>facinus</strong></span> <span class='ocrx_word' id='word_1_79' title='bbox 425 674 493 727; x_wconf 87' lang='lat' dir='ltr'><strong>effe</strong></span> <span class='ocrx_word' id='word_1_80' title='bbox 533 676 862 724; x_wconf 80' lang='lat' dir='ltr'><strong>clamitantium,</strong></span> <span class='ocrx_word' id='word_1_81' title='bbox 926 674 969 715; x_wconf 77' lang='lat' dir='ltr'><strong>L;</strong></span> <span class='ocrx_word' id='word_1_82' title='bbox 1003 671 1200 721; x_wconf 85' lang='lat' dir='ltr'><strong>Paullum,</strong></span> <span class='ocrx_word' id='word_1_83' title='bbox 1259 673 1363 710; x_wconf 81' lang='lat' dir='ltr'><strong>tanti</strong></span> 
     </span>
     <span class='ocr_line' id='line_1_12' title="bbox 37 730 1363 787; baseline -0.004 -16"><span class='ocrx_word' id='word_1_84' title='bbox 37 731 126 773; x_wconf 84' lang='lat' dir='ltr'><strong>belli</strong></span> <span class='ocrx_word' id='word_1_85' title='bbox 154 735 364 783; x_wconf 85' lang='lat' dir='ltr'><strong>victorem,</strong></span> <span class='ocrx_word' id='word_1_86' title='bbox 404 731 611 786; x_wconf 80' lang='lat' dir='ltr'><strong>dispoliari</strong></span> <span class='ocrx_word' id='word_1_87' title='bbox 639 730 853 787; x_wconf 79' lang='lat' dir='ltr'><strong>triumplto.</strong></span> <span class='ocrx_word' id='word_1_88' title='bbox 895 731 1077 771; x_wconf 82' lang='lat' dir='ltr'><strong>obnoxios</strong></span> <span class='ocrx_word' id='word_1_89' title='bbox 1107 732 1363 782; x_wconf 77' lang='lat' dir='ltr'><strong>imperatores</strong></span> 
     </span>
     <span class='ocr_line' id='line_1_13' title="bbox 37 785 1364 844; baseline -0.005 -14"><span class='ocrx_word' id='word_1_90' title='bbox 37 789 149 831; x_wconf 76' lang='lat' dir='ltr'><strong>tradi</strong></span> <span class='ocrx_word' id='word_1_91' title='bbox 177 790 354 830; x_wconf 81' lang='lat' dir='ltr'><strong>licentiae</strong></span> <span class='ocrx_word' id='word_1_92' title='bbox 383 803 499 844; x_wconf 87' lang='lat' dir='ltr'><strong>atque</strong></span> <span class='ocrx_word' id='word_1_93' title='bbox 527 791 719 829; x_wconf 83' lang='lat' dir='ltr'><strong>avaritiae</strong></span> <span class='ocrx_word' id='word_1_94' title='bbox 751 789 940 829; x_wconf 87' lang='lat' dir='ltr'><strong>militari:</strong></span> <span class='ocrx_word' id='word_1_95' title='bbox 1000 793 1042 828; x_wconf 84' lang='lat' dir='ltr'><strong>in</strong></span> <span class='ocrx_word' id='word_1_96' title='bbox 1072 801 1148 826; x_wconf 89' lang='lat' dir='ltr'><strong>uno</strong></span> <span class='ocrx_word' id='word_1_97' title='bbox 1181 789 1295 825; x_wconf 87' lang='lat' dir='ltr'><strong>nimis</strong></span> <span class='ocrx_word' id='word_1_98' title='bbox 1318 785 1364 840; x_wconf 83' lang='lat' dir='ltr'><strong>se</strong></span> 
     </span>
     <span class='ocr_line' id='line_1_14' title="bbox 37 845 1362 901; baseline -0.003 -15"><span class='ocrx_word' id='word_1_99' title='bbox 37 861 114 901; x_wconf 74' lang='lat' dir='ltr'><strong>per</strong></span> <span class='ocrx_word' id='word_1_100' title='bbox 143 846 379 887; x_wconf 82' lang='lat' dir='ltr'><strong>ambitionem</strong></span> <span class='ocrx_word' id='word_1_101' title='bbox 408 860 578 901; x_wconf 77' lang='lat' dir='ltr'><strong>peceare.</strong></span> <span class='ocrx_word' id='word_1_102' title='bbox 639 845 772 897; x_wconf 75' lang='lat' dir='ltr'><strong>Quid,</strong></span> <span class='ocrx_word' id='word_1_103' title='bbox 798 846 834 895; x_wconf 82' lang='lat' dir='ltr'><em>fi</em></span> <span class='ocrx_word' id='word_1_104' title='bbox 859 846 1003 886; x_wconf 85' lang='lat' dir='ltr'><strong>clomini</strong></span> <span class='ocrx_word' id='word_1_105' title='bbox 1029 846 1168 884; x_wconf 83' lang='lat' dir='ltr'><strong>milites</strong></span> <span class='ocrx_word' id='word_1_106' title='bbox 1196 847 1362 897; x_wconf 72' lang='lat' dir='ltr'><strong>impera-</strong></span> 
     </span>
     <span class='ocr_line' id='line_1_15' title="bbox 37 903 1364 958; baseline -0.005 -14"><span class='ocrx_word' id='word_1_107' title='bbox 37 904 193 944; x_wconf 77' lang='lat' dir='ltr'><strong>toribus</strong></span> <span class='ocrx_word' id='word_1_108' title='bbox 216 904 503 958; x_wconf 72' lang='lat' dir='ltr'><strong>imponantur?</strong></span> <span class='ocrx_word' id='word_1_109' title='bbox 561 903 617 943; x_wconf 89' lang='lat' dir='ltr'><strong>In</strong></span> <span class='ocrx_word' id='word_1_110' title='bbox 640 904 820 944; x_wconf 83' lang='lat' dir='ltr'><strong>Galbam</strong></span> <span class='ocrx_word' id='word_1_111' title='bbox 842 919 919 958; x_wconf 83' lang='lat' dir='ltr'><strong>pro</strong></span> <span class='ocrx_word' id='word_1_112' title='bbox 942 903 983 943; x_wconf 84' lang='lat' dir='ltr'><strong>[e</strong></span> <span class='ocrx_word' id='word_1_113' title='bbox 1008 904 1179 957; x_wconf 63' lang='lat' dir='ltr'><strong>quisque</strong></span> <span class='ocrx_word' id='word_1_114' title='bbox 1209 903 1364 954; x_wconf 83' lang='lat' dir='ltr'><strong>probra</strong></span> 
     </span>
     <span class='ocr_line' id='line_1_16' title="bbox 33 959 1361 1016; baseline -0.004 -15"><span class='ocrx_word' id='word_1_115' title='bbox 33 961 248 1016; x_wconf 65' lang='lat' dir='ltr'><strong>ingerere.</strong></span> <span class='ocrx_word' id='word_1_116' title='bbox 307 961 528 1011; x_wconf 85' lang='lat' dir='ltr'><strong>Tandem,</strong></span> <span class='ocrx_word' id='word_1_117' title='bbox 567 961 648 1001; x_wconf 93' lang='lat' dir='ltr'><strong>hoc</strong></span> <span class='ocrx_word' id='word_1_118' title='bbox 669 961 1037 1011; x_wconf 66' lang='lat' dir='ltr'><strong>tumultu&#39;sedato,</strong></span> <span class='ocrx_word' id='word_1_119' title='bbox 1071 963 1128 1000; x_wconf 85' lang='lat' dir='ltr'><strong>M.</strong></span> <span class='ocrx_word' id='word_1_120' title='bbox 1150 959 1361 1006; x_wconf 79' lang='lat' dir='ltr'><strong>Servilius,</strong></span> 
     </span>
     <span class='ocr_line' id='line_1_17' title="bbox 38 1018 1363 1075; baseline -0.005 -16"><span class='ocrx_word' id='word_1_121' title='bbox 38 1021 112 1074; x_wconf 88' lang='lat' dir='ltr'><strong>qui</strong></span> <span class='ocrx_word' id='word_1_122' title='bbox 143 1020 290 1059; x_wconf 83' lang='lat' dir='ltr'><strong>consul</strong></span> <span class='ocrx_word' id='word_1_123' title='bbox 324 1031 364 1058; x_wconf 88' lang='lat' dir='ltr'><strong>et</strong></span> <span class='ocrx_word' id='word_1_124' title='bbox 393 1019 585 1075; x_wconf 77' lang='lat' dir='ltr'><strong>magister</strong></span> <span class='ocrx_word' id='word_1_125' title='bbox 617 1019 802 1072; x_wconf 85' lang='lat' dir='ltr'><strong>equitum</strong></span> <span class='ocrx_word' id='word_1_126' title='bbox 831 1019 990 1069; x_wconf 82' lang='lat' dir='ltr'><strong>fuerat,</strong></span> <span class='ocrx_word' id='word_1_127' title='bbox 1048 1030 1094 1057; x_wconf 88' lang='lat' dir='ltr'><strong>ut</strong></span> <span class='ocrx_word' id='word_1_128' title='bbox 1122 1018 1174 1056; x_wconf 88' lang='lat' dir='ltr'><strong>de</strong></span> <span class='ocrx_word' id='word_1_129' title='bbox 1197 1018 1363 1069; x_wconf 87' lang='lat' dir='ltr'><strong>integro</strong></span> 
     </span>
     <span class='ocr_line' id='line_1_18' title="bbox 38 1071 1364 1132; baseline -0.005 -14"><span class='ocrx_word' id='word_1_130' title='bbox 38 1092 134 1118; x_wconf 90' lang='lat' dir='ltr'><strong>eam</strong></span> <span class='ocrx_word' id='word_1_131' title='bbox 152 1092 244 1117; x_wconf 89' lang='lat' dir='ltr'><strong>rem</strong></span> <span class='ocrx_word' id='word_1_132' title='bbox 265 1089 452 1131; x_wconf 83' lang='lat' dir='ltr'><strong>agerent,</strong></span> <span class='ocrx_word' id='word_1_133' title='bbox 489 1080 540 1116; x_wconf 86' lang='lat' dir='ltr'><strong>ab</strong></span> <span class='ocrx_word' id='word_1_134' title='bbox 562 1077 742 1117; x_wconf 84' lang='lat' dir='ltr'><strong>tribunis</strong></span> <span class='ocrx_word' id='word_1_135' title='bbox 760 1089 916 1132; x_wconf 85' lang='lat' dir='ltr'><strong>petere,</strong></span> <span class='ocrx_word' id='word_1_136' title='bbox 937 1075 1194 1129; x_wconf 83' lang='lat' dir='ltr'><strong>dicendique</strong></span> <span class='ocrx_word' id='word_1_137' title='bbox 1214 1073 1287 1112; x_wconf 84' lang='lat' dir='ltr'><strong>fibi</strong></span> <span class='ocrx_word' id='word_1_138' title='bbox 1309 1071 1364 1111; x_wconf 86' lang='lat' dir='ltr'><strong>ad</strong></span> 
     </span>
     <span class='ocr_line' id='line_1_19' title="bbox 38 1130 1365 1190; baseline -0.004 -16"><span class='ocrx_word' id='word_1_139' title='bbox 38 1136 244 1190; x_wconf 81' lang='lat' dir='ltr'><strong>populum</strong></span> <span class='ocrx_word' id='word_1_140' title='bbox 265 1135 504 1188; x_wconf 77' lang='lat' dir='ltr'><strong>potestatem</strong></span> <span class='ocrx_word' id='word_1_141' title='bbox 524 1133 729 1174; x_wconf 83' lang='lat' dir='ltr'><strong>facerent.</strong></span> <span class='ocrx_word' id='word_1_142' title='bbox 788 1136 991 1184; x_wconf 83' lang='lat' dir='ltr'><strong>Tribuni,</strong></span> <span class='ocrx_word' id='word_1_143' title='bbox 1023 1148 1117 1173; x_wconf 88' lang='lat' dir='ltr'><strong>cum</strong></span> <span class='ocrx_word' id='word_1_144' title='bbox 1136 1131 1190 1172; x_wconf 86' lang='lat' dir='ltr'><strong>ad</strong></span> <span class='ocrx_word' id='word_1_145' title='bbox 1208 1130 1365 1170; x_wconf 87' lang='lat' dir='ltr'><strong>delibe-</strong></span> 
     </span>
     <span class='ocr_line' id='line_1_20' title="bbox 38 1187 1364 1246; baseline -0.004 -14"><span class='ocrx_word' id='word_1_146' title='bbox 38 1193 226 1232; x_wconf 79' lang='lat' dir='ltr'><strong>randum</strong></span> <span class='ocrx_word' id='word_1_147' title='bbox 247 1191 517 1242; x_wconf 78' lang='lat' dir='ltr'><strong>seeeffissent‚</strong></span> <span class='ocrx_word' id='word_1_148' title='bbox 552 1193 650 1232; x_wconf 79' lang='lat' dir='ltr'><strong>victi</strong></span> <span class='ocrx_word' id='word_1_149' title='bbox 672 1193 981 1232; x_wconf 83' lang='lat' dir='ltr'><strong>auctoritatibus</strong></span> <span class='ocrx_word' id='word_1_150' title='bbox 1003 1192 1270 1246; x_wconf 76' lang='lat' dir='ltr'><strong>principum,</strong></span> <span class='ocrx_word' id='word_1_151' title='bbox 1309 1187 1364 1227; x_wconf 83' lang='lat' dir='ltr'><strong>de</strong></span> 
     </span>
     <span class='ocr_line' id='line_1_21' title="bbox 38 1246 1365 1304; baseline -0.005 -13"><span class='ocrx_word' id='word_1_152' title='bbox 38 1251 207 1304; x_wconf 82' lang='lat' dir='ltr'><strong>integro</strong></span> <span class='ocrx_word' id='word_1_153' title='bbox 232 1263 354 1303; x_wconf 85' lang='lat' dir='ltr'><strong>agere</strong></span> <span class='ocrx_word' id='word_1_154' title='bbox 377 1259 630 1304; x_wconf 85' lang='lat' dir='ltr'><strong>coeperunt,</strong></span> <span class='ocrx_word' id='word_1_155' title='bbox 662 1261 1008 1304; x_wconf 82' lang='lat' dir='ltr'><strong>revocaturosque</strong></span> <span class='ocrx_word' id='word_1_156' title='bbox 1034 1247 1075 1288; x_wconf 79' lang='lat' dir='ltr'><strong>se</strong></span> <span class='ocrx_word' id='word_1_157' title='bbox 1097 1247 1265 1288; x_wconf 85' lang='lat' dir='ltr'><strong>easdem</strong></span> <span class='ocrx_word' id='word_1_158' title='bbox 1292 1246 1365 1285; x_wconf 85' lang='lat' dir='ltr'><strong>tri·</strong></span> 
     </span>
     <span class='ocr_line' id='line_1_22' title="bbox 38 1303 1365 1364; baseline -0.005 -16"><span class='ocrx_word' id='word_1_159' title='bbox 38 1310 116 1348; x_wconf 85' lang='lat' dir='ltr'><strong>bus</strong></span> <span class='ocrx_word' id='word_1_160' title='bbox 147 1308 470 1356; x_wconf 84' lang='lat' dir='ltr'><strong>renuntiarunt,</strong></span> <span class='ocrx_word' id='word_1_161' title='bbox 511 1307 541 1346; x_wconf 88' lang='lat' dir='ltr'><strong>fi</strong></span> <span class='ocrx_word' id='word_1_162' title='bbox 570 1309 627 1346; x_wconf 86' lang='lat' dir='ltr'><strong>M.</strong></span> <span class='ocrx_word' id='word_1_163' title='bbox 655 1308 853 1348; x_wconf 78' lang='lat' dir='ltr'><strong>Servilius</strong></span> <span class='ocrx_word' id='word_1_164' title='bbox 884 1309 1036 1364; x_wconf 78' lang='lat' dir='ltr'><strong>aliique</strong></span> <span class='ocrx_word' id='word_1_165' title='bbox 1072 1306 1247 1361; x_wconf 82' lang='lat' dir='ltr'><strong>privati,</strong></span> <span class='ocrx_word' id='word_1_166' title='bbox 1291 1303 1365 1359; x_wconf 82' lang='lat' dir='ltr'><strong>qui</strong></span> 
     </span>
     <span class='ocr_line' id='line_1_23' title="bbox 40 1363 630 1415; baseline -0.002 -8"><span class='ocrx_word' id='word_1_167' title='bbox 40 1364 184 1407; x_wconf 82' lang='lat' dir='ltr'><strong>dicere</strong></span> <span class='ocrx_word' id='word_1_168' title='bbox 207 1366 388 1415; x_wconf 79' lang='lat' dir='ltr'><strong>vellent,</strong></span> <span class='ocrx_word' id='word_1_169' title='bbox 415 1363 630 1407; x_wconf 78' lang='lat' dir='ltr'><strong>dixissent.</strong></span> 
     </span>
    </p>
   </div>
   <div class='ocr_carea' id='block_1_3' title="bbox 40 1477 1382 2553">
    <p class='ocr_par' dir='ltr' id='par_1_3' title="bbox 40 1477 1382 2552">
     <span class='ocr_line' id='line_1_24' title="bbox 160 1477 1365 1533; baseline -0.001 -13"><span class='ocrx_word' id='word_1_170' title='bbox 160 1481 370 1521; x_wconf 80' lang='lat' dir='ltr'><strong>xxxvu.</strong></span> <span class='ocrx_word' id='word_1_171' title='bbox 431 1482 540 1520; x_wconf 88' lang='lat' dir='ltr'><strong>Tum</strong></span> <span class='ocrx_word' id='word_1_172' title='bbox 578 1481 795 1521; x_wconf 77' lang='lat' dir='ltr'><strong>Servilius:</strong></span> <span class='ocrx_word' id='word_1_173' title='bbox 854 1480 1031 1533; x_wconf 79' lang='lat' dir='ltr'><strong>Quantus</strong></span> <span class='ocrx_word' id='word_1_174' title='bbox 1063 1483 1280 1532; x_wconf 77' lang='lat' dir='ltr'><strong>imperator</strong></span> <span class='ocrx_word' id='word_1_175' title='bbox 1317 1477 1365 1519; x_wconf 88' lang='lat' dir='ltr'><strong>L.</strong></span> 
     </span>
     <span class='ocr_line' id='line_1_25' title="bbox 46 1535 1369 1592; baseline -0.005 -13"><span class='ocrx_word' id='word_1_176' title='bbox 46 1538 236 1580; x_wconf 78' lang='lat' dir='ltr'><strong>Aemilius</strong></span> <span class='ocrx_word' id='word_1_177' title='bbox 256 1539 414 1592; x_wconf 84' lang='lat' dir='ltr'><strong>fuerit,</strong></span> <span class='ocrx_word' id='word_1_178' title='bbox 476 1539 684 1589; x_wconf 78' lang='lat' dir='ltr'><strong>Quirites,</strong></span> <span class='ocrx_word' id='word_1_179' title='bbox 735 1538 770 1588; x_wconf 83' lang='lat' dir='ltr'><strong>si</strong></span> <span class='ocrx_word' id='word_1_180' title='bbox 800 1553 847 1578; x_wconf 89' lang='lat' dir='ltr'><strong>ex</strong></span> <span class='ocrx_word' id='word_1_181' title='bbox 873 1539 948 1579; x_wconf 89' lang='lat' dir='ltr'><strong>alia</strong></span> <span class='ocrx_word' id='word_1_182' title='bbox 972 1552 1016 1577; x_wconf 91' lang='lat' dir='ltr'><strong>re</strong></span> <span class='ocrx_word' id='word_1_183' title='bbox 1046 1537 1150 1576; x_wconf 83' lang='lat' dir='ltr'><strong>nulla</strong></span> <span class='ocrx_word' id='word_1_184' title='bbox 1178 1535 1369 1586; x_wconf 77' lang='lat' dir='ltr'><strong>aestimari</strong></span> 
     </span>
     <span class='ocr_line' id='line_1_26' title="bbox 44 1593 1370 1651; baseline -0.004 -15"><span class='ocrx_word' id='word_1_185' title='bbox 44 1595 187 1651; x_wconf 76' lang='lat' dir='ltr'><strong>poJJit,</strong></span> <span class='ocrx_word' id='word_1_186' title='bbox 234 1595 295 1635; x_wconf 88' lang='lat' dir='ltr'><strong>vel</strong></span> <span class='ocrx_word' id='word_1_187' title='bbox 330 1594 400 1636; x_wconf 76' lang='lat' dir='ltr'><strong>hoc</strong></span> <span class='ocrx_word' id='word_1_188' title='bbox 424 1593 521 1650; x_wconf 87' lang='lat' dir='ltr'><strong>satis</strong></span> <span class='ocrx_word' id='word_1_189' title='bbox 551 1608 662 1646; x_wconf 85' lang='lat' dir='ltr'><strong>erat,</strong></span> <span class='ocrx_word' id='word_1_190' title='bbox 711 1597 839 1649; x_wconf 83' lang='lat' dir='ltr'><strong>quod,</strong></span> <span class='ocrx_word' id='word_1_191' title='bbox 893 1610 975 1635; x_wconf 88' lang='lat' dir='ltr'><strong>cum</strong></span> <span class='ocrx_word' id='word_1_192' title='bbox 1001 1609 1076 1635; x_wconf 92' lang='lat' dir='ltr'><strong>tam</strong></span> <span class='ocrx_word' id='word_1_193' title='bbox 1094 1593 1299 1648; x_wconf 78' lang='lat' dir='ltr'><strong>seditiosos</strong></span> <span class='ocrx_word' id='word_1_194' title='bbox 1330 1604 1370 1632; x_wconf 83' lang='lat' dir='ltr'><strong>et</strong></span> 
     </span>
     <span class='ocr_line' id='line_1_27' title="bbox 45 1651 1369 1704; baseline -0.003 -10"><span class='ocrx_word' id='word_1_195' title='bbox 45 1655 151 1704; x_wconf 12' lang='lat' dir='ltr'><strong>leves*</strong></span> <span class='ocrx_word' id='word_1_196' title='bbox 174 1653 332 1701; x_wconf 82' lang='lat' dir='ltr'><strong>milites,</strong></span> <span class='ocrx_word' id='word_1_197' title='bbox 372 1665 446 1693; x_wconf 86' lang='lat' dir='ltr'><strong>tam</strong></span> <span class='ocrx_word' id='word_1_198' title='bbox 474 1653 654 1704; x_wconf 83' lang='lat' dir='ltr'><strong>nobilem,</strong></span> <span class='ocrx_word' id='word_1_199' title='bbox 685 1666 760 1694; x_wconf 84' lang='lat' dir='ltr'><strong>tam</strong></span> <span class='ocrx_word' id='word_1_200' title='bbox 790 1657 1059 1704; x_wconf 78' lang='lat' dir='ltr'><strong>temerarium,</strong></span> <span class='ocrx_word' id='word_1_201' title='bbox 1091 1666 1167 1692; x_wconf 86' lang='lat' dir='ltr'><strong>tam</strong></span> <span class='ocrx_word' id='word_1_202' title='bbox 1196 1651 1369 1704; x_wconf 86' lang='lat' dir='ltr'><strong>eloquen-</strong></span> 
     </span>
     <span class='ocr_line' id='line_1_28' title="bbox 45 1707 1369 1767; baseline -0.004 -16"><span class='ocrx_word' id='word_1_203' title='bbox 45 1723 122 1752; x_wconf 80' lang='lat' dir='ltr'><strong>tem</strong></span> <span class='ocrx_word' id='word_1_204' title='bbox 153 1711 204 1751; x_wconf 80' lang='lat' dir='ltr'><strong>aol</strong></span> <span class='ocrx_word' id='word_1_205' title='bbox 241 1710 490 1767; x_wconf 76' lang='lat' dir='ltr'><strong>instigandam</strong></span> <span class='ocrx_word' id='word_1_206' title='bbox 528 1711 815 1752; x_wconf 80' lang='lat' dir='ltr'><strong>multitudinem</strong></span> <span class='ocrx_word' id='word_1_207' title='bbox 852 1713 1045 1752; x_wconf 87' lang='lat' dir='ltr'><strong>inimicum</strong></span> <span class='ocrx_word' id='word_1_208' title='bbox 1072 1713 1113 1750; x_wconf 89' lang='lat' dir='ltr'><strong>in</strong></span> <span class='ocrx_word' id='word_1_209' title='bbox 1140 1708 1270 1760; x_wconf 85' lang='lat' dir='ltr'><strong>castris</strong></span> <span class='ocrx_word' id='word_1_210' title='bbox 1299 1707 1369 1747; x_wconf 81' lang='lat' dir='ltr'><strong>lta-</strong></span> 
     </span>
     <span class='ocr_line' id='line_1_29' title="bbox 46 1765 1370 1824; baseline -0.003 -16"><span class='ocrx_word' id='word_1_211' title='bbox 46 1767 178 1819; x_wconf 84' lang='lat' dir='ltr'><strong>beret,</strong></span> <span class='ocrx_word' id='word_1_212' title='bbox 210 1768 351 1808; x_wconf 83' lang='lat' dir='ltr'><strong>nullam</strong></span> <span class='ocrx_word' id='word_1_213' title='bbox 380 1771 420 1808; x_wconf 88' lang='lat' dir='ltr'><strong>in</strong></span> <span class='ocrx_word' id='word_1_214' title='bbox 451 1772 624 1809; x_wconf 78' lang='lat' dir='ltr'><strong>exercitu</strong></span> <span class='ocrx_word' id='word_1_215' title='bbox 644 1768 874 1824; x_wconf 78' lang='lat' dir='ltr'><strong>seditionem</strong></span> <span class='ocrx_word' id='word_1_216' title='bbox 902 1767 1049 1809; x_wconf 76' lang='lat' dir='ltr'><strong>habuit.</strong></span> <span class='ocrx_word' id='word_1_217' title='bbox 1106 1767 1244 1807; x_wconf 82' lang='lat' dir='ltr'><strong>Eadem</strong></span> <span class='ocrx_word' id='word_1_218' title='bbox 1263 1765 1370 1820; x_wconf 85' lang='lat' dir='ltr'><strong>seve-</strong></span> 
     </span>
     <span class='ocr_line' id='line_1_30' title="bbox 49 1825 1369 1881; baseline -0.004 -14"><span class='ocrx_word' id='word_1_219' title='bbox 49 1829 148 1867; x_wconf 86' lang='lat' dir='ltr'><strong>ritas</strong></span> <span class='ocrx_word' id='word_1_220' title='bbox 180 1829 363 1880; x_wconf 81' lang='lat' dir='ltr'><strong>imperii,</strong></span> <span class='ocrx_word' id='word_1_221' title='bbox 420 1840 527 1881; x_wconf 81' lang='lat' dir='ltr'><strong>quam</strong></span> <span class='ocrx_word' id='word_1_222' title='bbox 556 1840 656 1866; x_wconf 84' lang='lat' dir='ltr'><strong>nunc</strong></span> <span class='ocrx_word' id='word_1_223' title='bbox 685 1825 877 1877; x_wconf 86' lang='lat' dir='ltr'><strong>oderunt,</strong></span> <span class='ocrx_word' id='word_1_224' title='bbox 933 1840 1024 1867; x_wconf 87' lang='lat' dir='ltr'><strong>tunc</strong></span> <span class='ocrx_word' id='word_1_225' title='bbox 1066 1840 1128 1865; x_wconf 88' lang='lat' dir='ltr'><strong>eos</strong></span> <span class='ocrx_word' id='word_1_226' title='bbox 1162 1826 1369 1864; x_wconf 82' lang='lat' dir='ltr'><strong>continuit.</strong></span> 
     </span>
     <span class='ocr_line' id='line_1_31' title="bbox 48 1880 1369 1939; baseline -0.003 -15"><span class='ocrx_word' id='word_1_227' title='bbox 48 1883 213 1937; x_wconf 83' lang='lat' dir='ltr'><strong>Itaque,</strong></span> <span class='ocrx_word' id='word_1_228' title='bbox 254 1886 413 1938; x_wconf 77' lang='lat' dir='ltr'><strong>antiqua</strong></span> <span class='ocrx_word' id='word_1_229' title='bbox 446 1883 650 1939; x_wconf 69' lang='lat' dir='ltr'><strong>disciplina</strong></span> <span class='ocrx_word' id='word_1_230' title='bbox 688 1882 829 1934; x_wconf 82' lang='lat' dir='ltr'><strong>habiti,</strong></span> <span class='ocrx_word' id='word_1_231' title='bbox 871 1898 991 1939; x_wconf 83' lang='lat' dir='ltr'><strong>neque</strong></span> <span class='ocrx_word' id='word_1_232' title='bbox 1019 1883 1218 1937; x_wconf 84' lang='lat' dir='ltr'><strong>fecerunt.</strong></span> <span class='ocrx_word' id='word_1_233' title='bbox 1282 1880 1369 1920; x_wconf 67' lang='lat' dir='ltr'><strong>Ser,</strong></span> 
     </span>
     <span class='ocr_line' id='line_1_32' title="bbox 49 1940 1372 1997; baseline -0.004 -16"><span class='ocrx_word' id='word_1_234' title='bbox 49 1941 206 1996; x_wconf 71' lang='lat' dir='ltr'><strong>quidem</strong></span> <span class='ocrx_word' id='word_1_235' title='bbox 241 1940 386 1992; x_wconf 71' lang='lat' dir='ltr'><strong>Galba,</strong></span> <span class='ocrx_word' id='word_1_236' title='bbox 423 1941 458 1990; x_wconf 86' lang='lat' dir='ltr'><em>fi</em></span> <span class='ocrx_word' id='word_1_237' title='bbox 492 1944 533 1981; x_wconf 85' lang='lat' dir='ltr'><strong>in</strong></span> <span class='ocrx_word' id='word_1_238' title='bbox 568 1941 613 1981; x_wconf 95' lang='lat' dir='ltr'><strong>L.</strong></span> <span class='ocrx_word' id='word_1_239' title='bbox 648 1941 781 1982; x_wconf 81' lang='lat' dir='ltr'><strong>Paullo</strong></span> <span class='ocrx_word' id='word_1_240' title='bbox 818 1942 1020 1997; x_wconf 82' lang='lat' dir='ltr'><strong>accusando</strong></span> <span class='ocrx_word' id='word_1_241' title='bbox 1051 1943 1274 1981; x_wconf 87' lang='lat' dir='ltr'><strong>tirocinium</strong></span> <span class='ocrx_word' id='word_1_242' title='bbox 1302 1951 1372 1991; x_wconf 72' lang='lat' dir='ltr'><strong>po-</strong></span> 
     </span>
     <span class='ocr_line' id='line_1_33' title="bbox 47 1999 1370 2054; baseline -0.005 -14"><span class='ocrx_word' id='word_1_243' title='bbox 47 2013 165 2048; x_wconf 82' lang='lat' dir='ltr'><strong>nere,</strong></span> <span class='ocrx_word' id='word_1_244' title='bbox 201 2011 240 2038; x_wconf 91' lang='lat' dir='ltr'><strong>et</strong></span> <span class='ocrx_word' id='word_1_245' title='bbox 268 1999 529 2049; x_wconf 76' lang='lat' dir='ltr'><strong>documentum</strong></span> <span class='ocrx_word' id='word_1_246' title='bbox 550 1999 784 2054; x_wconf 83' lang='lat' dir='ltr'><strong>eloquentiae</strong></span> <span class='ocrx_word' id='word_1_247' title='bbox 819 1999 912 2040; x_wconf 77' lang='lat' dir='ltr'><strong>dare</strong></span> <span class='ocrx_word' id='word_1_248' title='bbox 939 2000 1085 2047; x_wconf 82' lang='lat' dir='ltr'><strong>voluit,</strong></span> <span class='ocrx_word' id='word_1_249' title='bbox 1128 2011 1201 2036; x_wconf 92' lang='lat' dir='ltr'><strong>non</strong></span> <span class='ocrx_word' id='word_1_250' title='bbox 1231 1999 1370 2036; x_wconf 81' lang='lat' dir='ltr'><strong>trium·</strong></span> 
     </span>
     <span class='ocr_line' id='line_1_34' title="bbox 47 2054 1373 2111; baseline 0 -15"><span class='ocrx_word' id='word_1_251' title='bbox 47 2055 170 2111; x_wconf 70' lang='lat' dir='ltr'><strong>phuni</strong></span> <span class='ocrx_word' id='word_1_252' title='bbox 208 2055 398 2108; x_wconf 77' lang='lat' dir='ltr'><strong>impedire</strong></span> <span class='ocrx_word' id='word_1_253' title='bbox 434 2055 585 2106; x_wconf 76' lang='lat' dir='ltr'><strong>debuit,</strong></span> <span class='ocrx_word' id='word_1_254' title='bbox 644 2071 775 2110; x_wconf 80' lang='lat' dir='ltr'><strong>quem,</strong></span> <span class='ocrx_word' id='word_1_255' title='bbox 831 2055 865 2104; x_wconf 73' lang='lat' dir='ltr'><strong>Ji</strong></span> <span class='ocrx_word' id='word_1_256' title='bbox 899 2055 999 2097; x_wconf 70' lang='lat' dir='ltr'><strong>nihil</strong></span> <span class='ocrx_word' id='word_1_257' title='bbox 1029 2054 1159 2105; x_wconf 78' lang='lat' dir='ltr'><strong>aliud,</strong></span> <span class='ocrx_word' id='word_1_258' title='bbox 1211 2054 1373 2107; x_wconf 77' lang='lat' dir='ltr'><strong>senatus</strong></span> 
     </span>
     <span class='ocr_line' id='line_1_35' title="bbox 40 2109 1374 2172; baseline -0.003 -19"><span class='ocrx_word' id='word_1_259' title='bbox 40 2118 189 2172; x_wconf 74' lang='lat' dir='ltr'><strong>justum</strong></span> <span class='ocrx_word' id='word_1_260' title='bbox 218 2113 285 2168; x_wconf 82' lang='lat' dir='ltr'><strong>effe</strong></span> <span class='ocrx_word' id='word_1_261' title='bbox 306 2114 578 2168; x_wconf 74' lang='lat' dir='ltr'><strong>judicaverat:</strong></span> <span class='ocrx_word' id='word_1_262' title='bbox 607 2115 679 2170; x_wconf 83' lang='lat' dir='ltr'><strong>sed</strong></span> <span class='ocrx_word' id='word_1_263' title='bbox 711 2114 862 2167; x_wconf 81' lang='lat' dir='ltr'><strong>postero</strong></span> <span class='ocrx_word' id='word_1_264' title='bbox 894 2114 979 2165; x_wconf 79' lang='lat' dir='ltr'><strong>die,</strong></span> <span class='ocrx_word' id='word_1_265' title='bbox 1015 2127 1125 2169; x_wconf 84' lang='lat' dir='ltr'><strong>quam</strong></span> <span class='ocrx_word' id='word_1_266' title='bbox 1156 2109 1374 2164; x_wconf 72' lang='lat' dir='ltr'><strong>triumplia-</strong></span> 
     </span>
     <span class='ocr_line' id='line_1_36' title="bbox 51 2169 1375 2227; baseline -0.004 -16"><span class='ocrx_word' id='word_1_267' title='bbox 51 2184 130 2212; x_wconf 89' lang='lat' dir='ltr'><strong>tum</strong></span> <span class='ocrx_word' id='word_1_268' title='bbox 160 2169 231 2222; x_wconf 75' lang='lat' dir='ltr'><strong>est:</strong></span> <span class='ocrx_word' id='word_1_269' title='bbox 271 2174 467 2224; x_wconf 81' lang='lat' dir='ltr'><strong>privatum</strong></span> <span class='ocrx_word' id='word_1_270' title='bbox 499 2185 578 2211; x_wconf 87' lang='lat' dir='ltr'><strong>eum</strong></span> <span class='ocrx_word' id='word_1_271' title='bbox 607 2172 762 2227; x_wconf 76' lang='lat' dir='ltr'><strong>visurus</strong></span> <span class='ocrx_word' id='word_1_272' title='bbox 792 2172 902 2226; x_wconf 71' lang='lat' dir='ltr'><strong>efflet,</strong></span> <span class='ocrx_word' id='word_1_273' title='bbox 942 2186 1070 2213; x_wconf 83' lang='lat' dir='ltr'><strong>nomen</strong></span> <span class='ocrx_word' id='word_1_274' title='bbox 1102 2170 1306 2223; x_wconf 80' lang='lat' dir='ltr'><strong>deferret,</strong></span> <span class='ocrx_word' id='word_1_275' title='bbox 1337 2180 1375 2206; x_wconf 84' lang='lat' dir='ltr'><strong>et</strong></span> 
     </span>
     <span class='ocr_line' id='line_1_37' title="bbox 51 2228 1374 2286; baseline -0.003 -17"><span class='ocrx_word' id='word_1_276' title='bbox 51 2228 201 2285; x_wconf 84' lang='lat' dir='ltr'><strong>legibus</strong></span> <span class='ocrx_word' id='word_1_277' title='bbox 229 2230 503 2286; x_wconf 84' lang='lat' dir='ltr'><strong>interrogaret</strong></span> <span class='ocrx_word' id='word_1_278' title='bbox 511 2245 528 2278; x_wconf 92' lang='lat'><em>;</em></span> <span class='ocrx_word' id='word_1_279' title='bbox 566 2243 634 2270; x_wconf 84' lang='lat' dir='ltr'><strong>aut</strong></span> <span class='ocrx_word' id='word_1_280' title='bbox 654 2230 787 2284; x_wconf 87' lang='lat' dir='ltr'><strong>serius</strong></span> <span class='ocrx_word' id='word_1_281' title='bbox 813 2230 951 2282; x_wconf 78' lang='lat' dir='ltr'><strong>paulo,</strong></span> <span class='ocrx_word' id='word_1_282' title='bbox 984 2243 1066 2270; x_wconf 82' lang='lat' dir='ltr'><strong>cum</strong></span> <span class='ocrx_word' id='word_1_283' title='bbox 1095 2231 1268 2283; x_wconf 78' lang='lat' dir='ltr'><strong>primum</strong></span> <span class='ocrx_word' id='word_1_284' title='bbox 1297 2240 1374 2266; x_wconf 88' lang='lat' dir='ltr'><strong>ma·</strong></span> 
     </span>
     <span class='ocr_line' id='line_1_38' title="bbox 51 2285 1375 2345; baseline -0.003 -17"><span class='ocrx_word' id='word_1_285' title='bbox 51 2287 240 2345; x_wconf 79' lang='lat' dir='ltr'><strong>gistratus</strong></span> <span class='ocrx_word' id='word_1_286' title='bbox 272 2287 352 2341; x_wconf 75' lang='lat' dir='ltr'><strong>ipse</strong></span> <span class='ocrx_word' id='word_1_287' title='bbox 381 2286 559 2341; x_wconf 77' lang='lat' dir='ltr'><strong>cepiffet,</strong></span> <span class='ocrx_word' id='word_1_288' title='bbox 603 2287 698 2328; x_wconf 79' lang='lat' dir='ltr'><strong>diem</strong></span> <span class='ocrx_word' id='word_1_289' title='bbox 727 2286 894 2337; x_wconf 83' lang='lat' dir='ltr'><strong>diceret,</strong></span> <span class='ocrx_word' id='word_1_290' title='bbox 935 2291 1131 2329; x_wconf 83' lang='lat' dir='ltr'><strong>inimicum</strong></span> <span class='ocrx_word' id='word_1_291' title='bbox 1167 2285 1217 2326; x_wconf 73' lang='lat' dir='ltr'><strong>acl</strong></span> <span class='ocrx_word' id='word_1_292' title='bbox 1247 2295 1375 2338; x_wconf 75' lang='lat' dir='ltr'><strong>popu-</strong></span> 
     </span>
     <span class='ocr_line' id='line_1_39' title="bbox 54 2337 1377 2401; baseline -0.006 -14"><span class='ocrx_word' id='word_1_293' title='bbox 54 2348 132 2387; x_wconf 87' lang='lat' dir='ltr'><strong>lum</strong></span> <span class='ocrx_word' id='word_1_294' title='bbox 159 2345 363 2400; x_wconf 83' lang='lat' dir='ltr'><strong>accusaret.</strong></span> <span class='ocrx_word' id='word_1_295' title='bbox 425 2344 552 2396; x_wconf 64' lang='lat' dir='ltr'><strong>Ita„et</strong></span> <span class='ocrx_word' id='word_1_296' title='bbox 579 2349 754 2401; x_wconf 78' lang='lat' dir='ltr'><strong>pretium</strong></span> <span class='ocrx_word' id='word_1_297' title='bbox 784 2358 886 2385; x_wconf 85' lang='lat' dir='ltr'><strong>recte</strong></span> <span class='ocrx_word' id='word_1_298' title='bbox 910 2346 1018 2397; x_wconf 74' lang='lat' dir='ltr'><strong>facti</strong></span> <span class='ocrx_word' id='word_1_299' title='bbox 1044 2341 1288 2396; x_wconf 65' lang='lat' dir='ltr'><strong>triumphum</strong></span> <span class='ocrx_word' id='word_1_300' title='bbox 1310 2337 1377 2379; x_wconf 81' lang='lat' dir='ltr'><strong>lta-</strong></span> 
     </span>
     <span class='ocr_line' id='line_1_40' title="bbox 56 2398 1377 2460; baseline -0.007 -16"><span class='ocrx_word' id='word_1_301' title='bbox 56 2404 167 2446; x_wconf 76' lang='lat' dir='ltr'><strong>lu‘ret</strong></span> <span class='ocrx_word' id='word_1_302' title='bbox 198 2403 243 2441; x_wconf 90' lang='lat' dir='ltr'><strong>L.</strong></span> <span class='ocrx_word' id='word_1_303' title='bbox 283 2401 441 2442; x_wconf 85' lang='lat' dir='ltr'><strong>Paullus</strong></span> <span class='ocrx_word' id='word_1_304' title='bbox 468 2416 544 2456; x_wconf 76' lang='lat' dir='ltr'><strong>pro</strong></span> <span class='ocrx_word' id='word_1_305' title='bbox 576 2406 731 2460; x_wconf 83' lang='lat' dir='ltr'><strong>egregie</strong></span> <span class='ocrx_word' id='word_1_306' title='bbox 759 2401 851 2443; x_wconf 87' lang='lat' dir='ltr'><strong>hello</strong></span> <span class='ocrx_word' id='word_1_307' title='bbox 889 2402 1016 2459; x_wconf 88' lang='lat' dir='ltr'><strong>gesto;</strong></span> <span class='ocrx_word' id='word_1_308' title='bbox 1056 2415 1093 2442; x_wconf 85' lang='lat' dir='ltr'><strong>et</strong></span> <span class='ocrx_word' id='word_1_309' title='bbox 1122 2412 1303 2452; x_wconf 74' lang='lat' dir='ltr'><strong>poenam,</strong></span> <span class='ocrx_word' id='word_1_310' title='bbox 1341 2398 1377 2445; x_wconf 60' lang='lat' dir='ltr'><strong>Jt·</strong></span> 
     </span>
     <span class='ocr_line' id='line_1_41' title="bbox 59 2451 1382 2552; baseline -0.008 -46"><span class='ocrx_word' id='word_1_311' title='bbox 59 2462 159 2520; x_wconf 77' lang='lat' dir='ltr'><strong>quid</strong></span> <span class='ocrx_word' id='word_1_312' title='bbox 188 2474 226 2502; x_wconf 85' lang='lat' dir='ltr'><strong>et</strong></span> <span class='ocrx_word' id='word_1_313' title='bbox 254 2472 384 2501; x_wconf 79' lang='lat' dir='ltr'><strong>vetere</strong></span> <span class='ocrx_word' id='word_1_314' title='bbox 411 2459 542 2518; x_wconf 80' lang='lat' dir='ltr'><strong>gloria</strong></span> <span class='ocrx_word' id='word_1_315' title='bbox 560 2462 652 2519; x_wconf 85' lang='lat' dir='ltr'><strong>sua,</strong></span> <span class='ocrx_word' id='word_1_316' title='bbox 672 2473 709 2502; x_wconf 89' lang='lat' dir='ltr'><strong>et</strong></span> <span class='ocrx_word' id='word_1_317' title='bbox 730 2474 835 2505; x_wconf 63' lang='lat' dir='ltr'><strong>nova</strong></span> <span class='ocrx_word' id='word_1_318' title='bbox 863 2460 1068 2518; x_wconf 81' lang='lat' dir='ltr'><strong>indignum</strong></span> <span class='ocrx_word' id='word_1_319' title='bbox 1090 2457 1258 2514; x_wconf 72' lang='lat' dir='ltr'><strong>fictffet.</strong></span> <span class='ocrx_word' id='word_1_320' title='bbox 1304 2451 1382 2552; x_wconf 54' lang='lat' dir='ltr'><strong>{etl</strong></span> 
     </span>
    </p>

    <p class='ocr_par' dir='ltr' id='par_1_4' title="bbox 1275 2522 1379 2553">
     <span class='ocr_line' id='line_1_42' title="bbox 1275 2522 1379 2553; baseline -0.019 0"><span class='ocrx_word' id='word_1_321' title='bbox 1275 2522 1313 2553; x_wconf 77' lang='lat' dir='ltr'><strong>vt</strong></span> <span class='ocrx_word' id='word_1_322' title='bbox 1345 2525 1379 2551; x_wconf 80' lang='lat' dir='ltr'><strong>e·</strong></span> 
     </span>
    </p>
   </div>
  </div>
 </body>
</html>
