1548 2703
128 96 186 143 86
331 91 548 200 -l'f-—BC
528 91 565 131 E
593 93 634 132 R
672 93 861 132 XXXIII.
927 93 1043 133 CAr.
1067 89 1119 131 H.
1139 92 1215 130 111.

426 162 493 200 U.
537 168 668 207 ,3.55.
863 177 897 199 a.
921 163 965 200 C.
991 163 1046 200 N.
1078 174 1169 212 197.

111 243 348 295 -eorporis,
380 241 581 289 Elatiam,
614 242 728 281 unde
759 240 967 295 profectus
989 252 1102 289 erat,
1128 240 1262 288 redit·‚
1293 239 1460 278 Boeotis

140 313 326 355 quoque,
358 297 454 336 sicut
476 298 592 351 prius
613 298 816 347 Achaeis,
857 297 910 336 ad
941 296 1176 337 societatem
1199 296 1385 344 adscitis,
1420 305 1465 333 et

110 364 126 392 7'
142 356 313 411 quando
335 366 420 395 tuta
442 370 488 393 ea
509 366 733 409 pacataque
747 358 797 393 ab
809 366 923 408 tergo
940 356 1305 407 relinquebantur,
1328 353 1465 392 omni-

141 416 246 454 bus
238 427 318 467 Jam
339 413 683 466 cogitationibus
673 427 721 452 m
744 413 1002 467 Philippum,
1054 423 1094 452 et
1123 410 1234 467 quod
1258 411 1471 465 reliquunt

143 472 246 511 belli
266 482 377 519 erat,
408 469 629 510 convetfis

256 586 332 623 ΙΙΙ.
393 584 605 638 Philippus
625 598 787 637 quoque
808 584 945 638 primo
964 576 1076 632 vere,
1105 582 1321 637 postquam
1341 581 1470 635 legati

144 645 200 682 ab
228 643 365 681 Roma
396 642 503 680 nihil
535 643 668 694 pacati
700 643 953 690 retulerant,
983 641 1191 679 delectum
1221 653 1297 693 per
1321 638 1467 678 omnia

147 699 303 754 oppida
322 700 443 752 regni
462 698 617 737 habere
637 698 856 747 instituit,‘
846 713 893 736 111
914 712 1064 751 magna
1081 697 1223 751 inopia
1236 696 1468 749 juniorum.

146 756 288 795 absum
298 756 434 794 [erant
454 756 570 794 enim
592 770 667 809 per
689 756 870 795 multas
860 770 974 807 jam
964 766 1114 794 aetates
1134 755 1336 793 continua
1358 753 1466 791 bella

147 813 428 854 Macedonas:
467 812 554 865 ipso
584 827 745 871 quoque
773 823 1000 867 regnante,
1039 823 1079 851 et
1107 812 1324 852 navalibus
1347 809 1468 849 bellis

148 871 200 909 ad
209 869 343 910 versus
373 870 562 909 Rhodios
583 863 873 923 Attalumque,
914 881 954 908 et
980 869 1240 909 terrestribus
1273 866 1467 907 adversus

148 929 367 968 Romanos
383 928 549 967 cecidet
553 938 593 965 at
611 942 785 981 magnus
805 942 956 966 numer
963 941 1017 967 us.
1077 928 1135 965 ita
1155 938 1195 965 et
1226 927 1385 964 tirones
1415 925 1468 962 ab

148 985 328 1024 sedecim
351 986 479 1023 annis'
496 986 646 1024 milites
667 984 893 1032 scribebat,
933 996 973 1023 et
994 985 1176 1023 emeritis
1204 983 1375 1036 quidam
1403 979 1470 1020 sti-

149 1042 343 1096 pendiis,
400 1042 548 1094 quibus
574 1042 701 1080 modo
735 1041 966 1094 quidquam
995 1042 1145 1094 reliqui
1172 1041 1334 1079 r·ob01is
1365 1048 1471 1086 eratf

150 1099 205 1138 ad
228 1099 341 1152 fiona
360 1100 534 1138 revoca}
538 1110 676 1138 antur.
737 1101 799 1138 lta
817 1098 1004 1152 suppleto
1023 1099 1220 1146 exercitu,
1240 1095 1469 1136 secundum

151 1170 332 1196 vernum
355 1157 665 1209 aequinoctium
677 1170 824 1195 omnes
836 1170 973 1209 copias
984 1156 1117 1195 Dium
1134 1156 1364 1200 contraxit,
1394 1153 1470 1192 ibi·
1519 1204 1523 1205 ⁷

155 1228 239 1267 que
260 1213 412 1253 stativis
434 1213 597 1266 politis,
632 1213 872 1252 exercendo
904 1212 1087 1266 quotidie
1114 1211 1268 1260 milite,
1309 1210 1471 1250 hortem
1512 1251 1515 1256 ,

152 1271 463 1324 opperiebatur.
522 1270 576 1309 Et
601 1271 820 1321 Quinctius
838 1285 914 1323 per
938 1269 1106 1309 eosdem
1126 1269 1259 1308 ferme
1279 1268 1386 1317 (lies,
1418 1270 1472 1306 ab

153 1327 291 1367 Elatia
318 1326 554 1382 profectus,
594 1339 762 1381 praeter
782 1329 1020 1367 Thronium
1054 1338 1095 1365 et
1116 1327 1387 1380 Scarphaeam
1417 1324 1471 1364 ad

154 1385 462 1438 Thermopylas
481 1386 689 1438 pervenit.
747 1386 812 1425 Ibi
837 1385 1059 1424 concilium
1090 1383 1331 1423 Aetolorum
1346 1413 1357 1432 ,
1390 1385 1472 1422 He-
1494 1392 1499 1394 '

155 1446 337 1481 racleam
366 1441 594 1492 indictum,
631 1444 790 1492 tenuit,
826 1442 1147 1481 consultantium
1177 1442 1341 1495 quantis
1360 1441 1473 1480 auxi-

155 1500 223 1539 liis
253 1501 493 1538 Romanum
527 1499 580 1538 ad
608 1501 762 1538 bellum
790 1499 1072 1553 sequerentur.
1143 1499 1325 1552 Cognitis
1348 1498 1472 1537 socio-

157 1571 255 1595 rum
276 1557 476 1608 decretis,
510 1558 632 1596 tertio
652 1556 719 1596 die
740 1559 791 1596 ab
814 1558 1014 1597 Heraclea
1041 1558 1199 1609 Xynias
1224 1548 1471 1610 progressus,

157 1614 209 1654 in
239 1614 425 1653 confinio
464 1612 708 1654 Aenianum
745 1614 1115 1667 Thessalorumque
1151 1614 1290 1667 politis
1319 1612 1472 1662 eastrisg

158 1670 349 1711 Aetolica
365 1659 517 1711 auxilia
536 1673 841 1725 opperiebatur.
899 1672 1018 1711 Nihil
1038 1673 1187 1710 morati
1212 1670 1345 1710 Aetoli
1363 1670 1472 1712 sunt&

157 1728 354 1767 Phaenea
382 1729 510 1777 duce,
551 1729 634 1768 duo
660 1730 791 1769 millia
824 1728 1012 1783 peditum
1033 1742 1128 1768 cum
1150 1729 1353 1781 equitibus
1378 1730 1474 1781 qua·

160 1785 398 1839 dringentis
419 1797 643 1826 venerunt.
702 1788 768 1826 Ne
787 1786 959 1825 dubium
979 1787 1100 1836 esset,
1129 1785 1229 1838 quid
1250 1784 1473 1839 exspectas-

158 1841 239 1892 set,
270 1842 487 1882 confestim
523 1844 742 1894 Quinctius
769 1845 897 1883 movit
918 1844 1059 1882 castra.
1124 1842 1398 1897 Transgresso
1423 1844 1474 1886 in

159 1900 436 1939 Phthioticum
456 1914 598 1956 agrum
621 1903 838 1955 quingenti
855 1902 1055 1954 Gortynii
1075 1900 1348 1949 Cretensium,
1370 1899 1477 1941 duee

96 1964 101 1969 '
163 1956 370 2009 Cydante,
401 1968 441 1997 et
463 1960 640 1998 trecenti
657 1957 965 2012 Apolloniatae,
987 1957 1100 1997 haud
1121 1958 1277 2011 dispari
1296 1957 1473 2008 abnam,

161 2013 204 2052 Ie
233 2016 518 2067 conjunxere:
566 2030 649 2056 nec
683 2018 740 2055 ita
780 2017 912 2055 multo
948 2016 1038 2070 post
1067 2014 1349 2067 Amynander
1378 2030 1475 2055 cum

161 2070 451 2111 Athamanum
474 2073 661 2127 peditum
685 2074 882 2113 ducentis
897 2084 937 2112 et
957 2074 1086 2113 mille.
1145 2074 1377 2127 Philippus,
1407 2078 1493 2113 cti-ni

159 2130 279 2183 gnita
293 2129 555 2183 proFectione
575 2134 627 2170 ab
638 2131 769 2170 Elatia
782 2132 1086 2180 Romanorum,
1106 2141 1151 2169 ut
1164 2131 1231 2169 cui
1252 2130 1304 2169 de
1316 2130 1491 2172 summa*

160 2200 304 2225 rerum
341 2187 497 2228 adesset
533 2199 744 2228 certamen
758 2218 769 2237 ,
828 2188 1112 2227 adhortandos
1158 2188 1310 2227 milites
1347 2199 1474 2238 ratus;

161 2245 324 2282 multa
314 2259 396 2296 1am
414 2246 535 2301 saepe
554 2256 781 2285 memorata
801 2246 853 2285 cle
877 2248 1079 2300 majorum
1099 2245 1328 2295 virtutibus,
1356 2244 1474 2284 finini
1488 2260 1505 2281 :-

163 2300 220 2340 de
240 2302 408 2342 militari
429 2304 553 2343 laude
572 2303 876 2353 Macedonum,
913 2318 1006 2343 cum
1026 2301 1299 2352 d1sfe1u1ffet,
1329 2301 1398 2341 ad
1395 2307 1475 2352 ea,
1499 2321 1505 2325 ·

162 2372 269 2411 quae
289 2369 377 2398 tum
401 2363 582 2400 maxime
601 2362 764 2401 animos
786 2372 848 2400 ter
852 2363 1016 2412 rebant,
1045 2361 1271 2415 quibusque
1293 2361 1397 2415 erigi
1418 2359 1473 2401 ad

161 2416 341 2471 aliquam
360 2417 474 2474 spem
494 2434 564 2473 po
551 2430 711 2470 terant,
740 2420 871 2460 venit.
1205 2431 1207 2437 '
1289 2430 1352 2455 ¹9

1366 2510 1367 2513 ’
1397 2534 1472 2576 tv.
