1548 2703
111 67 198 110 352
283 59 505 102 ·L1BER
534 58 763 105 XXXVIII.
804 65 916 103 Cn.
936 62 1099 105 XXXV.
1117 61 1304 119 XXXVI.
1330 67 1345 105 ἶ

343 133 391 185 U.
417 133 458 170 C.
476 134 581 184 7563.
604 134 702 182 564.
803 146 838 171 a.
863 134 907 171 C.
931 134 985 173 N.
1013 139 1103 187 189.
1133 139 1225 182 188.
1268 186 1270 189 y

647 178 1454 200 —ss—L———ssffl

229 212 390 250 XX-XV.
423 212 668 260 Aconcilio,
690 213 762 251 ubl
775 211 885 265 apud
898 213 1144 252 consulem
1134 226 1248 254 inter
1262 214 1453 254 Achaeos

112 267 554 334 Lacedaemoniosque
586 268 863 340 disceptatum
893 269 973 320 est,
1023 272 1080 310 M.
1102 272 1306 321 Fulvius,
1357 273 1458 325 quia.

113 325 194 380 jam
230 326 277 364 in
309 327 420 365 exitu
452 340 593 365 annus
623 323 736 376 erat¹,
796 327 1064 373 comitiorum
1092 329 1217 368 causa-
1242 327 1455 384 profectus

113 385 318 432 Romam,
371 382 527 424 creavit
555 383 748 431 consules
777 387 834 425 M
857 386 1072 425 Valerium
1093 386 1326 426 Messallam
1351 397 1393 426 et
1410 388 1456 425 C.

101 442 281 480 ¹Livium
305 442 609 491 Salinatorem,
640 451 735 480 cum
757 444 813 481 M
834 441 1061 487 Aemilium
1086 444 1324 498 Lepidum
1312 443 1456 483 11111ῃὶ-

116 512 234 546 cum,
274 511 323 535 eo
346 510 511 550 Quoque
533 512 650 538 anno
670 510 911 552 petentem,
956 500 1180 553 dejecisset.
1242 504 1460 541 Praetores
1513 532 1523 543 .

114 554 220 594 inde
252 556 383 593 creati
416 557 466 604 Q.
496 557 677 594 Marcius
709 556 947 610 Philippus,
980 560 1038 597 M.
1061 558 1257 597 Claudius
1279 558 1458 596 Marcel.

114 613 202 659 lus,
236 613 279 651 C.
306 613 552 661 Stertinius,
584 613 630 652 C.
654 611 847 664 Atinius,
891 616 931 654 P.
957 613 1154 655 Claudius
1175 615 1375 665 Pulcher,
1409 616 1456 654 L.

117 670 303 710 Manlius
342 668 564 708 Acidinus.
648 672 835 711 Comitiis
873 670 1092 726 perfectis,
1146 671 1362 712 consulem
1394 673 1454 712 M.

116 728 310 767 Fulvium
329 727 378 765 in
405 728 668 779 provinciam
696 727 749 766 ad
768 730 999 769 exercitum
1022 729 1164 769 redire
1187 731 1365 784 placuitg
1398 729 1458 769 ei.

118 798 198 839 que
220 796 257 823 et
278 786 460 837 collegae
476 787 552 824 Cn.
576 787 738 824 Manlio
758 787 987 840 imperium
1008 788 1056 827 in
1072 799 1237 827 annum
1258 800 1456 842 proroga-

118 855 206 882 tum
230 843 297 881 est.
360 843 422 881 Fo
447 855 562 881 anno
583 845 630 882 in
653 844 800 883 aedem
825 842 1017 883 Herculis
1039 845 1200 899 lignum
1223 846 1309 886 Dei
1330 844 1455 900 ipsius

118 915 171 941 ex
200 901 538 939 decemvirorum
556 900 788 954 responso,
830 909 869 941 et
900 901 1054 956 [ejuges
1083 905 1131 942 in
1160 905 1365 958 Capitolio
1387 917 1455 941 au-

117 960 198 998 rati
230 973 253 996 a
284 960 322 997 Ρ.
347 959 546 996 (ο111ε110
574 959 705 1012 politi.
766 958 982 998 consulem
1012 959 1171 1000 dedisse
1203 960 1456 1027 inscriptum

118 1012 188 1055 est.
248 1016 301 1054 Et
322 1015 545 1054 duodecim
572 1017 722 1073 clypea
743 1029 885 1055 aurata
916 1019 967 1056 ab
994 1018 1197 1058 aedilibus
1225 1014 1454 1067 curulibus,
1517 1069 1525 1072 ί

118 1077 159 1113 Ρ.
185 1073 357 1113 Claudio
377 1074 566 1113 Pulchro
576 1084 615 1112 et
638 1076 725 1112 Ser.
753 1076 934 1127 Sulpicio
957 1076 1106 1125 Galba,
1138 1075 1235 1115 sunt
1252 1074 1384 1130 polita
1396 1088 1457 1114 ex

118 1132 314 1186 pecunia,
346 1146 426 1184 qua
448 1134 487 1169 h
491 1133 748 1171 uinentarios
767 1135 820 1170 ob
841 1146 1062 1172 annonam
1087 1133 1367 1188 comprelsam
1387 1132 1459 1172 da·-

79 1217 87 1225 .
120 1200 339 1231 mnarum.
401 1202 441 1228 et
462 1188 607 1228 aedilis
626 1190 760 1244 plebis
783 1193 833 1240 Q.
860 1191 1024 1230 Fulvius
1048 1192 1217 1231 Flaccus
1237 1192 1321 1231 duo
1342 1190 1459 1245 figna

120 1258 275 1294 aurata,
308 1257 395 1284 u'no
417 1261 489 1286 reo
511 1247 725 1296 damnato,
751 1246 873 1294 (nain
893 1248 1013 1302 sepau
1017 1260 1117 1287 atim
1138 1242 1458 1297 accusaverant)

119 1303 266 1359 posuit.
309 1305 464 1358 collega
485 1305 571 1357 ejus
591 1304 642 1344 A.
667 1306 869 1344 Caecilius
891 1308 1112 1345 neminem
1137 1306 1459 1347 condemnavit.

121 1363 227 1402 Ludi
250 1364 437 1400 Romani
460 1374 546 1411 ter,
580 1364 734 1417 plebeji
765 1365 988 1416 quinquies
1011 1366 1085 1404 toti
1107 1365 1339 1404 instaurati.
1392 1360 1460 1405 Μ.

121 1421 313 1460 Valerius
337 1418 524 1458 Messalla
544 1420 648 1459 inde
670 1431 710 1458 et
731 1422 775 1460 C.
796 1421 935 1460 Livius
957 1423 1168 1462 Salinator
1194 1423 1459 1462 consulatum

118 1477 258 1518 idibus
285 1478 445 1516 Martiis
478 1491 572 1516 cuin
602 1477 799 1528 inilsent‚
839 1478 892 1517 de
922 1480 1157 1532 tepubliea,
1198 1481 1334 1534 deque
1365 1492 1460 1534 pro-.

122 1536 273 1576 vinciis
295 1545 336 1573 et
365 1536 616 1575 exercitibus
641 1509 832 1574 senatu'm
861 1536 1175 1579 consuluerunt.
1235 1536 1306 1578 De
1335 1535 1461 1577 Aeto·

99 1612 102 1615 ·
121 1594 179 1632 lia
198 1603 238 1632 et
257 1592 354 1631 Alia
376 1591 486 1631 nihil
510 1605 715 1632 mutatum
741 1593 810 1633 est.
882 1595 1131 1635 Consulibus
1146 1626 1156 1646 ,
1198 1596 1321 1635 alteri
1346 1594 1460 1634 Pisae

122 1665 219 1690 cum
240 1651 473 1703 Liguribus,
510 1653 630 1690 alteri
651 1653 789 1691 Gallia
812 1654 1034 1705 provincia
1058 1653 1227 1693 decreta
1247 1653 1318 1693 est.
1347 1667 1460 1692 com-

121 1719 274 1763 parare
293 1709 407 1747 inter
430 1708 493 1757 se,
525 1720 594 1747 aut
614 1709 751 1748 sortiri
771 1709 884 1763 jussi,
918 1722 958 1749 et
980 1725 1112 1751 novos
1136 1712 1366 1760 exercitus,
1401 1711 1458 1749 bi-

122 1780 200 1805 nas
221 1766 433 1818 legiones,
466 1766 658 1816 scribere,
690 1778 730 1806 et
753 1778 797 1805 ut
818 1767 935 1808 sociis
954 1770 1093 1808 Latini
1115 1771 1305 1809 nominis
1327 1769 1468 1822 quina,

123 1824 238 1863 dena
266 1825 398 1863 millia
419 1823 606 1876 peditum
634 1826 924 1878 imperarent,
965 1837 1004 1865 et
1037 1826 1153 1866 mille
1188 1838 1228 1867 et
1257 1827 1472 1866 ducentos.

124 1882 293 1935 equites.
366 1881 560 1921 Mesallae
605 1884 799 1936 Ligures,
849 1884 1077 1923 Salinatori
1121 1886 1267 1939 obtigit
1305 1884 1458 1924 Gallia.

124 1941 340 1979 Praetores
360 1939 464 1978 inde
484 1939 616 1979 sortiti
635 1940 746 1979 sunt.
805 1942 862 1981 M.
888 1942 1061 1981 Claudio
1082 1945 1259 1992 urbana,
1281 1944 1322 1982 P.
1343 1943 1460 1981 Clau-

123 1997 195 2037 dio
224 1997 449 2050 peregrina
474 1997 704 2051 jurisdictio
736 1991 890 2038 evenit.
965 2002 1016 2050 Q.
1050 2002 1232 2039 Marcius
1260 1999 1458 2048 Sicijiam,

124 2057 168 2094 C.
193 2055 415 2096 Stertinius
439 2055 606 2095 Saidin
599 2070 702 2105 iam,
745 2057 788 2095 L.
811 2058 996 2096 Manlius
1018 2059 1267 2129 Hispaniam
1296 2057 1459 2097 citerio-

122 2126 237 2162 r,e1n
269 2114 313 2151 C.
335 2111 505 2152 Atinius
529 2114 702 2152 ulteaior
707 2128 773 2152 em
795 2114 853 2154 eft
873 2114 1057 2155 sortitus.
1232 2129 1239 2131 “
1412 2130 1415 2133 ’

236 2223 423 2268 XXXVI.
479 2222 550 2266 De
570 2229 821 2267 exercitibus
846 2229 902 2268 ita
923 2227 1098 2283 piacuit:
1133 2243 1154 2267 e
1175 2229 1316 2269 Gallia
1336 2228 1463 2281 legio-

119 2296 215 2331 nes,
240 2298 346 2337 quae
369 2285 442 2322 sub
465 2288 507 2324 C.
535 2288 673 2325 Laelio
694 2285 840 2325 fueran
851 2299 878 2335 t,
902 2287 952 2325 ad
970 2290 1025 2326 M.
1048 2287 1250 2326 Tuccium
1265 2299 1461 2340 proprae-

119 2351 254 2379 torem
278 2343 325 2380 in
349 2343 533 2382 Bruttios
557 2342 745 2390 traduci:
783 2355 843 2394 et,
884 2347 955 2398 qui
985 2346 1033 2383 in
1065 2345 1204 2383 Sicilia
1235 2343 1358 2394 esset,
1400 2342 1460 2383 di-

120 2399 232 2437 mitti
247 2402 498 2439 exercitum:
535 2414 574 2440 et
592 2401 777 2451 classem,
802 2415 909 2455 quae
919 2402 988 2442 -ibi
1007 2401 1121 2451 esset,
1144 2402 1325 2448 Roma-m
1338 2399 1465 2440 redu-

119 2470 216 2496 ecre
234 2459 292 2497 M.
315 2456 616 2513 Sempronium
638 2470 973 2515 propraetorem.
1032 2460 1250 2513 Hispaniis
1270 2459 1464 2513 legiones

1323 2515 1460 2570 fingar
