1548 2703
327 101 361 149 L
383 109 404 148 1
424 107 459 148 B
478 105 515 147 E
536 104 588 151 R.
620 105 744 146 va.
806 103 919 143 cm.
942 95 1069 149 xxv.
1286 92 1369 150 655*

158 262 283 301 XXV.
343 255 583 297 Secundum
604 255 730 294 talem
760 252 999 292 orationem
1027 251 1209 293 universi
1229 252 1366 292 rursus

41 317 332 376 prociderunt,
354 318 575 365 ramosqu‘e
593 313 711 351 oleae
729 309 933 364 supplices
950 308 1166 360 jactantes,
1190 309 1366 349 tandem

40 376 224 425 excitati,
248 374 363 417 curia
383 369 659 410 excesserunt.
709 370 834 407 Tunc
857 365 1091 406 sententiae
1110 367 1366 421 interrogari

38 444 226 488 coeptae.
279 427 533 470 Infestisfimi
553 426 732 466 Rhodiis
753 434 887 472 erant,
912 424 982 477 qui
999 423 1189 464 consules
1208 426 1369 480 praeto·

43 505 165 537 resve
193 500 262 528 aut
287 487 411 541 legati
432 484 642 540 gesserant
668 484 717 522 in
739 480 988 522 Macedonia
1011 483 1180 523 bellum.
1241 484 1368 522 Pluri'-

43 564 160 589 mum
183 544 343 585 causam
367 557 510 583 eorum
531 541 688 595 adjuvit
711 542 768 580 M.
791 539 956 579 Porcius
976 542 1099 592 Cato;
1127 542 1220 595 qui,
1250 540 1369 595 asper

43 605 243 659 ingenio,
289 613 377 641 tum
409 601 552 639 lenem
582 599 809 651 mitemque
845 596 1080 637 senatorem
1112 599 1204 652 egit.
1263 599 1371 638 Non

43 662 228 702 inseram
250 659 511 699 simulacrum
526 657 605 696 viri
624 655 788 709 copiofi,
811 668 915 709 quae
929 653 1095 704 dixerit,
1116 655 1368 695 referendo:

45 718 170 774 ipsius
200 717 333 757 oratio
368 715 519 768 scripta
549 712 701 763 exstat,
752 712 964 765 originum
995 713 1143 765 quinto
1171 713 1282 752 libro
1306 713 1370 753 in·
1427 762 1431 763 ⁷

43 774 168 816 clusa.
227 771 406 814 Rhodiis
427 769 671 824 responsum
692 771 748 810 ita
768 769 982 808 redditum
1015 769 1094 819 est,
1132 782 1177 809 ut
1199 785 1282 810 nec
1301 771 1371 810 ho-

44 830 308 879 stes'fierenr,
330 843 412 868 nec
432 827 528 867 socii
547 837 863 882 permanerent.
918 827 1170 867 Philocrates
1190 839 1230 866 et
1250 827 1370 880 Asty·

43 889 191 930 medes
219 883 435 942 principes
464 885 684 938 legationis
719 894 853 924 erant.
920 886 1081 923 Partem
1113 900 1210 924 cum
1239 886 1371 926 Philo-

44 957 160 988 crate
188 945 436 985 renuntiare
467 941 667 981 Rhodum
704 942 954 996 legationem
983 943 1157 996 placuit,
1206 954 1371 998 partem

2 1017 4 1022 ’
25 1019 141 1045 ‘eum
160 1001 387 1055 Astymede
409 1002 569 1039 Romae
590 997 813 1048 subfistere‚
842 1014 947 1052 quae
966 1011 1206 1053 agerentur,
1233 1000 1369 1050 sciret,

44 1062 325 1113 certioresque
347 1058 438 1097 suos
465 1056 635 1097 faceret.
695 1058 749 1095 In
769 1056 1004 1111 praesentia
1031 1057 1239 1097 deducere
1271 1069 1370 1098 ante

45 1129 206 1160 certam
236 1116 349 1156 diem
380 1130 433 1154 ex
477 1116 602 1166 Lycia
639 1115 841 1167 Cariaque
877 1114 1083 1167 jusserunt
1122 1115 1368 1169 praefectos.

46 1179 162 1217 Haec
179 1173 379 1215 Rhodum
400 1173 608 1220 nuntiata,
632 1186 736 1225 quae
759 1187 835 1226 per
855 1171 895 1210 se
916 1172 1046 1211 tristia
1068 1172 1250 1222 fuissent,
1275 1174 1372 1226 quia

45 1234 212 1288 majoris
233 1233 334 1271 mali
351 1233 507 1270 levatus
528 1240 617 1269 erat
647 1231 795 1278 timor,
830 1244 926 1268 cum
949 1231 1104 1269 bellum
1123 1230 1371 1278 timuissent,

46 1293 97 1333 in
123 1289 319 1345 gaudium
348 1288 593 1327 renuntiata
622 1298 853 1326 verterunt.
915 1288 1056 1341 Itaque
1075 1290 1285 1342 extemplo
1306 1302 1371 1326 co-

47 1351 200 1389 ronam
231 1347 381 1400 viginti
402 1346 580 1384 millium
603 1359 824 1384 aureorum
847 1344 1151 1385 decreverunt:
1179 1343 1372 1385 Theodo-

47 1419 159 1455 tum,
198 1400 456 1459 praefectum
487 1400 641 1451 classls,
673 1402 722 1441 in
755 1416 846 1441 eam
875 1402 1128 1457 legationem
1154 1403 1374 1444 miserunt.

48 1464 291 1504 Societatem
318 1463 369 1499 ab
392 1461 597 1499 Romanis
617 1460 672 1498 ita
700 1460 899 1499 volebant
929 1462 1039 1514 peti,
1068 1471 1113 1500 ut
1132 1462 1299 1500 nullum
1320 1461 1375 1500 de

48 1535 99 1561 ea
117 1534 165 1559 re
184 1519 328 1558 scitum
346 1518 491 1572 populi
513 1517 651 1566 fieret,
680 1528 748 1555 aut
768 1517 899 1557 literis
920 1518 1216 1558 mandaretur:
1246 1518 1373 1572 quod,

48 1577 131 1619 nifi
149 1579 450 1631 impetrarent,
483 1575 614 1627 major
633 1574 805 1628 repulsis
824 1575 1060 1628 ignominia
1082 1575 1194 1616 esset.
1252 1578 1373 1615 Prae-

48 1635 150 1676 fecti
169 1632 300 1674 classis
319 1631 365 1672 id
387 1632 510 1671 unius
531 1642 620 1671 erat
641 1632 725 1684 jus,
768 1642 812 1670 ut
830 1646 952 1687 agere
980 1632 1033 1672 de
1056 1648 1105 1674 ea
1130 1648 1177 1674 re
1198 1632 1288 1674 fine
1307 1648 1372 1673 ro·

48 1693 217 1748 gatio‘ne
246 1691 331 1730 ulla
360 1690 520 1743 perlata
546 1688 691 1741 posset.
751 1704 855 1728 nam
881 1691 938 1729 ita
966 1705 1044 1744 per
1071 1701 1130 1730 tot
1160 1704 1298 1731 annos
1323 1691 1374 1730 in

46 1749 233 1790 'amicitia
255 1747 438 1797 fuerant,
458 1757 503 1785 ut
522 1745 661 1786 sociali
676 1745 852 1787 foedere
877 1746 917 1788 se
937 1762 1031 1787 cum
1052 1749 1258 1789 Romanis
1279 1762 1376 1788 non

47 1809 281 1861 illigat-ent,
309 1806 361 1843 ob
381 1804 541 1843 nullam
563 1804 687 1843 aliam
717 1803 903 1855 causam,
933 1819 1015 1859 qua.
1043 1820 1102 1846 ne
1126 1806 1242 1861 spem
1270 1806 1375 1859 regi·

47 1867 126 1904 bus
145 1861 443 1903 abscinderent
462 1861 606 1901 auxilii
624 1860 706 1911 sui,
744 1862 775 1901 fi
800 1863 867 1902 cui
891 1877 994 1917 opus
1027 1862 1146 1914 esset,
1185 1878 1273 1904 neu
1298 1862 1375 1903 fibi

47 1920 144 1976 ipsis
164 1920 321 1960 fructus
342 1934 394 1958 ex
404 1919 664 1972 benignitate
685 1930 725 1958 et
735 1918 907 1960 fortuna
925 1934 1071 1960 eorum
1089 1920 1375 1977 percipiendi.

48 1981 175 2019 Tunc
206 1978 346 2031 utique
367 1975 554 2030 petenda
578 1975 747 2017 societas
778 1977 1020 2028 videbatur3
1057 1992 1151 2018 non
1181 1993 1288 2033 quae
1316 1989 1376 2018 tu·

47 2038 175 2077 tiores
209 2048 277 2074 eos
309 2035 360 2072 ab
392 2034 482 2073 aliis
513 2032 690 2082 faceret,
725 2036 828 2085 (nee
854 2036 973 2075 enim
1001 2037 1209 2091 timebant
1235 2051 1374 2090 quem-

47 2108 172 2148 quam
185 2123 196 2142 ,
227 2102 396 2148 praeter
415 2091 650 2146 Romanos)
671 2091 745 2132 sed
763 2106 869 2147 quae
890 2093 986 2147 ipsis
1004 2094 1212 2133 Romanis
1232 2096 1375 2137 minus

47 2148 267 2205 suspectos.
326 2149 409 2189 Sub
430 2147 545 2188 idem
562 2148 653 2189 fere
670 2160 833 2204 tempus
856 2161 898 2190 et
917 2151 1068 2190 Caunii
1090 2151 1301 2192 descivere
1321 2152 1374 2189 ab

46 2208 113 2248 his
126 2237 138 2257 ,
190 2218 230 2246 et
260 2204 512 2258 Mylasenses
551 2205 875 2248 Euromensium
911 2208 1069 2263 oppida
1098 2220 1372 2263 occuparunt.

47 2265 153 2305 Non
172 2265 228 2304 ita
246 2262 369 2302 fracti
390 2263 524 2303 am'mi
544 2265 718 2306 civitatis
737 2275 874 2315 erant,
907 2276 952 2304 ut
973 2279 1066 2305 non
1082 2265 1313 2315 sentirent,
1343 2264 1374 2305 sl

49 2323 177 2375 Lycia
199 2332 240 2360 et
259 2321 381 2360 Caria
402 2320 567 2360 ademta
586 2323 639 2361 ab
657 2323 864 2363 Romanis
884 2321 1048 2372 forent,
1078 2335 1218 2363 cetera
1242 2335 1311 2362 aut
1329 2322 1372 2361 se

47 2379 134 2434 i‘psa
156 2393 233 2433 per
252 2373 533 2418 defectionem
549 2377 805 2431 liberarent,
834 2390 903 2419 aut
929 2394 953 2419 a
976 2380 1166 2420 finitimis
1197 2394 1375 2434 occupa-

46 2448 212 2486 rentur,
232 2435 394 2476 includi
412 2436 454 2475 se
464 2435 625 2477 insulae
643 2451 810 2492 parvae,
835 2448 876 2477 et
887 2436 1040 2478 sterilis
1061 2440 1149 2492 agri
1165 2439 1375 2485 litoribus,

44 2508 152 2552 quae
167 2507 432 2550 nequaquam
450 2494 564 2547 alere
575 2504 718 2558 tantae
731 2496 846 2540 urbis
856 2496 1061 2553 populum
1073 2494 1221 2552 posset.
1251 2494 1379 2536 missa

1306 2565 1376 2606 ιςιι
