1548 2703
129 63 211 104 662
354 57 561 99 LIBER
599 58 723 123 ὶ-ζ-ΞΝ.
785 58 900 98 Cm’.
941 57 1088 100 XXXI.
1125 58 1294 100 XXXII.

412 130 463 167 U.
499 130 542 167 C.
579 130 674 174 535.
865 144 901 168 a.
933 130 978 168 C.
1011 130 1064 168 N.
1105 131 1197 179 167.

138 222 274 250 erant.
337 210 393 248 Hi
427 223 520 248 cum
554 206 795 260 frequentes
829 221 868 247 et
910 223 963 249 ex
992 209 1305 263 Peloponneso,
1349 219 1389 248 et
1418 220 1473 251 ex

138 268 335 314 Boeotia,
369 277 409 304 et
436 280 488 305 ex
512 266 600 304 aliis
623 266 831 305 Graeciae
862 267 1056 306 conciliis
1083 266 1295 316 adessent,
1323 267 1475 321 imple-

139 340 240 366 vere
273 337 390 363 aures
419 323 566 363 decem
598 324 854 377 legatorum:
917 323 1011 364 Non
1043 339 1104 364 eos
1139 323 1308 374 tantum,
1341 322 1473 379 quise
1505 347 1508 350 ⁴

142 382 341 438 propalam
362 393 435 434 per
457 383 663 421 vanitatem
682 378 904 433 jactassent,
939 393 1116 436 tanquam
1139 378 1306 436 hospites
1325 393 1364 420 et
1381 382 1475 421 ami-

144 454 205 481 cos
231 439 382 493 Pursei,
409 437 481 493 sed
511 437 628 478 multo
656 437 794 490 plures
821 437 914 479 alios
944 451 993 478 ex
1023 438 1169 479 occulto
1183 437 1341 492 fiviffe.
1383 432 1477 477 reli-

144 511 244 552 quos
267 510 338 549 ‘per
353 494 518 550 speciem
543 494 702 534 tuendae
725 495 918 536 libertatis
941 498 980 535 in
1002 496 1174 536 conciliis
1193 495 1375 549 adversus
1399 494 1478 534 Ro-

144 569 276 597 manos
297 555 418 592 omnia
441 550 679 604 instruxiffe,
710 566 776 593 nec
793 552 909 593 aliter
932 568 995 594 eas
1016 553 1210 608 mansuras
1230 557 1270 593 in
1285 552 1367 605 fide
1387 565 1480 609 gen-

148 625 231 661 tes,
289 613 385 658 niz,
430 611 584 663 fractis
615 612 748 650 animis
776 613 975 665 partium,
1021 610 1197 651 aleretur
1232 608 1482 662 confirmare-

148 681 295 722 turque
330 671 545 707 auctoritas
574 680 731 712 eorum,
767 671 836 721 qui
868 666 970 708 nihil
988 681 1150 722 praeter
1170 671 1380 721 imperium
1400 665 1482 707 Ro·

149 739 349 767 manorum
378 724 622 779 spectarent.
692 725 760 765 Ab
793 726 858 765 his
895 725 1016 766 editis
1059 726 1330 774 nominibus,
1388 739 1481 765 evo-

150 785 232 825 cati
251 784 383 835 literis
402 784 668 836 imperatoris
690 798 743 823 ex
762 782 939 833 Aetolia,
958 783 1300 837 Acarnaniaque,
1324 793 1364 822 et
1382 781 1482 836 Epi-

150 858 222 891 ro,
252 838 293 880 et
314 841 508 888 Boeotia,
543 842 612 893 qui
636 842 812 880 Romam
838 841 888 880 ad
911 841 1072 880 causam
1095 840 1321 881 dicendam
1342 838 1483 894 seque·

151 909 326 939 rentur:
360 899 407 936 in
427 897 630 951 Achaiam
662 913 716 938 ex
740 898 885 938 decem
916 900 1149 953 legatorum
1176 913 1358 939 numero
1386 901 1486 951 p'ro·

153 956 253 998 secti
287 955 392 1004 duo,
425 957 468 994 C.
497 956 692 995 Claudius
726 967 767 995 et
799 958 878 996 Cn.
901 956 1136 1007 Domitius,
1167 968 1213 996 ut
1241 955 1317 1011 ipsi
1344 954 1486 995 edicto

156 1024 394 1055 evocarent.
435 1011 485 1050 Id
505 1012 665 1052 duabus
685 1012 738 1052 de
760 1013 886 1053 caulis
908 1012 1085 1066 factum:
1116 1028 1224 1063 una,
1252 1012 1365 1067 quod
1383 1011 1485 1051 fidu-

154 1074 243 1112 ciae
266 1072 357 1125 plus
381 1071 706 1124 animorumque
725 1070 810 1111 esse
830 1069 1015 1111 Achaeis.
1039 1071 1093 1111 ad
1108 1085 1210 1111 non
1239 1069 1481 1126 parendum

156 1129 411 1177 credebant,
441 1139 482 1167 et
502 1126 675 1167 forsitan
694 1129 818 1168 etiam
838 1129 885 1168 in
904 1130 1092 1184 periculo
1112 1129 1204 1170 sore
1222 1128 1487 1168 Callicratem

158 1199 200 1227 et
220 1199 380 1226 ceteros
404 1187 635 1225 criminum
665 1197 853 1226 auctores
877 1186 1189 1241 delatoresque:
1230 1188 1381 1235 altera,
1409 1197 1487 1224 cur

158 1244 400 1300 praesentes
432 1254 680 1293 evocarent,
714 1243 834 1283 causa
866 1255 977 1295 erat,
1008 1244 1123 1299 quod
1154 1259 1208 1284 ex
1235 1244 1324 1283 aliis
1354 1242 1489 1298 'genti-

161 1305 236 1342 bus
255 1301 498 1356 principum
518 1302 658 1340 literas
678 1301 961 1355 deprehensas
978 1303 1027 1342 in
1040 1302 1353 1342 commentariis
1364 1300 1491 1355 regii&

157 1360 397 1401 habebant:
439 1360 487 1398 in
512 1357 692 1399 Achaeis
723 1373 894 1399 caecum
926 1371 1015 1399 erat
1044 1362 1231 1410 crimen,
1264 1359 1394 1398 nullis
1422 1371 1490 1397 eo·

159 1434 257 1459 rum
285 1417 415 1457 literis
447 1418 647 1456 inventis.
704 1416 864 1457 Aetolis
895 1416 1091 1468 dimisfis,
1126 1417 1404 1458 Acarnanum
1434 1415 1491 1455 ci·

161 1488 245 1515 tata
265 1488 390 1529 gens:
422 1475 470 1513 in
490 1475 555 1514 his
577 1474 688 1513 nihil
707 1485 923 1524 novatum,
946 1475 1025 1515 nisi
1044 1476 1155 1530 quod
1175 1478 1329 1515 Leucas
1349 1487 1491 1513 exem-

161 1545 206 1573 ta
236 1533 294 1573 est
317 1533 593 1571 Acarnanum
626 1533 819 1572 concilio.
880 1533 1135 1585 Quaerendo
1165 1532 1325 1572 deinde
1354 1532 1494 1580 latius,

163 1592 237 1647 qui
259 1591 427 1644 publice
449 1601 516 1629 aut
535 1591 731 1643 privatim
752 1590 932 1644 partium
953 1592 1061 1644 regis
1082 1590 1266 1640 fuissent,
1287 1591 1336 1628 in
1352 1588 1495 1629 Afiam

167 1663 333 1704 quoque
353 1649 641 1702 cognitionem
663 1646 917 1689 extendere:
943 1660 984 1687 et
1002 1648 1055 1687 ad
1074 1647 1271 1688 Antissan
1290 1648 1340 1686 in
1360 1648 1493 1686 Lesbo

166 1707 307 1748 insula
327 1705 598 1754 diruendam,
621 1704 904 1745 traducendos
925 1707 1220 1759 Methymnam
1240 1704 1494 1755 Antissaeos,

165 1766 411 1806 Labeonem
436 1763 664 1815 miserunt3
694 1762 806 1816 quod
828 1762 1120 1815 Antenorem,
1147 1764 1308 1818 regium
1333 1760 1496 1817 praefe4

167 1833 305 1869 ctum,
336 1837 417 1875 quo
441 1833 628 1876 tempore
650 1836 747 1860 cum
775 1822 925 1861 lembis
948 1823 1263 1863 circaLesbum
1291 1820 1350 1860 est
1379 1833 1497 1875 vaga-

168 1891 255 1930 tus,
284 1890 408 1934 portu
428 1890 645 1934 receptum
667 1880 968 1919 commeatibus
989 1880 1195 1934 juvissent.
1243 1878 1343 1918 Duo
1360 1877 1497 1918 securi

171 1936 353 1994 percussi
378 1937 459 1977 viri
486 1936 694 1990 insignes3
735 1936 1010 1978 Andronicus
1027 1938 1270 1979 Andronici
1289 1937 1396 1976 filius
1414 1935 1497 1976 Ae·

172 1997 304 2046 tolus,
334 1994 469 2048 quod,
502 2006 662 2049 patrem
685 1993 858 2045 secutus,
886 2009 1003 2036 arma
1022 2007 1171 2037 contra
1192 1995 1395 2050 populum
1414 1995 1499 2034 Ro-

173 2067 352 2094 manum
371 2051 547 2100 tulisset3
576 2063 617 2092 et
638 2054 731 2092 Neo
750 2053 1002 2106 Thebanus,
1031 2069 1114 2111 quo
1141 2063 1307 2094 auctore
1330 2051 1497 2094 societa-

176 2122 263 2152 tem
295 2126 392 2152 cum
419 2109 565 2151 Perseo
602 2111 847 2164 junxerant.

291 2229 460 2268 XXXII.
493 2228 568 2267 His
587 2240 732 2268 rerum
748 2238 1022 2269 externarum
1040 2226 1348 2281 cognitionibus
1367 2225 1500 2265 intera
1547 2266 1548 2277 γ

175 2284 340 2344 positis,
373 2285 659 2326 Macedonum
681 2286 821 2327 rursus
849 2286 1095 2327 advocatum
1124 2285 1374 2324 concilium:
1403 2297 1500 2341 pro-

178 2345 445 2395 nuntiatum,
484 2342 601 2396 Quod
620 2342 822 2396 adflatum
844 2342 1098 2385 Macedoniae
1126 2339 1365 2396 pertinebat,
1390 2340 1502 2395 sena-

179 2415 308 2453 tores,
344 2415 441 2456 quos
470 2400 667 2457 Syneolros
699 2414 855 2448 vocant,
893 2399 1071 2460 legendos
1095 2399 1187 2453 effe,
1223 2411 1387 2452 quorum
1416 2412 1502 2438 con-

174 2456 263 2509 filio
301 2458 521 2516 respublica
551 2457 903 2515 administraretur.
985 2458 1176 2502 Nomina
1209 2455 1369 2502 deinde
1404 2455 1503 2496 sunt

1398 2515 1502 2556 reci·
