1548 2703
586 0 596 19 N

34 231 213 276 repente
245 218 385 271 colligi
426 216 581 270 potuit,
621 227 716 252 non
750 214 808 252 ita
847 214 999 252 multos
1029 211 1198 257 Aetolos
1236 211 1363 250 ducit.

35 275 470 329 Achaei-quingenti,
507 283 549 311 et
578 273 630 310 ab
661 270 853 310 Eumene
881 283 978 324 rege
1008 269 1216 308 modicum
1249 269 1365 307 auxi-

36 334 352 383 liummissum,
384 331 489 371 duce
509 327 740 368 Xenoclide
760 327 1044 374 Chalcidensi,
1075 326 1269 365 nondum
1291 328 1365 365 ob-

33 391 146 434 sesfis
174 392 420 438 itineribus,
458 397 547 426 tuto
566 413 568 415 -
585 385 822 439 transgressi
851 385 1078 439 Euripum,
1117 383 1362 423 Chalcidem

34 459 341 506 pervenerunt.
397 445 585 485 Romani
606 444 780 492 milites,
810 443 1031 496 quingenti
1053 441 1188 482 ferme
1209 451 1249 479 et
1271 440 1362 495 ipsi,

35 520 132 548 cum
154 509 235 562 jam
254 500 482 558 Menippus
504 501 635 541 eastra
663 512 761 539 ante
782 501 984 554 Salganea
1013 498 1065 538 ad
1088 501 1371 552 Hermaeum,-

36 580 117 620 qua
136 565 332 604 transitus
353 575 405 601 ex
420 560 591 599 Boeotia
609 560 657 598 in
674 559 889 597 Euboeam
917 556 1096 597 insulam
1118 556 1196 605 est,
1234 557 1360 594 habe-

36 634 122 671 ret,
150 630 372 663 venerunt.
433 618 577 658 Mictio
599 627 687 655 erat
708 631 802 655 cum
824 617 898 665 iis,
937 617 1092 669 legatus
1114 629 1137 653 a
1160 612 1361 653 Chalcide
1386 632 1393 645 ·

37 680 93 720 ad
115 679 357 731 Q‘uinctium
372 706 384 726 ‚
418 675 472 714 ad
492 675 537 715 id
556 674 690 728 ipsum
711 673 962 728 praesidium
982 672 1234 726 petendum,
1266 669 1362 709 mis-

37 738 115 778 sus.
168 738 239 791 qui
278 734 495 789 postquam
536 731 709 772 obsessas
751 733 802 770 ab
841 731 1023 770 hostibus
1062 730 1201 769 fauces
1238 728 1361 776 vidit,

37 793 183 835 omisso
205 793 258 832 ad
277 791 478 832 Aulidem
498 791 677 838 itinere,
714 789 889 829 Delium
913 789 1141 838 convertit,
1181 796 1225 825 ut
1252 785 1361 826 inde

35 854 85 893 in
112 852 328 892 Euboeam
358 847 682 888 transmissurus.

150 968 214 1006 LI.
251 965 482 1020 Templum
504 963 561 1003 est
580 962 793 1017 Apollinis
812 963 1000 1012 Delium,
1021 962 1251 1002 imminens
1271 974 1365 1002 ωλι·

35 1025 96 1066 ri:
122 1025 310 1079 quinque
332 1023 464 1062 millia
484 1021 671 1076 passuum
691 1035 714 1060 a
729 1022 923 1074 Tanagra
944 1020 1068 1060 abest.
1096 1021 1238 1060 minus
1261 1033 1366 1073 qua--

35 1095 130 1122 tuor
152 1083 331 1122 millium
361 1079 465 1119 inde
494 1080 543 1118 in
571 1080 764 1132 proxima
784 1079 981 1118 Euboeae
1012 1078 1068 1116 est
1095 1080 1202 1126 ⁴mari
1236 1078 1367 1130 traje-

35 1131 138 1180 ofitus.
203 1139 289 1178 Ubi
309 1150 350 1177 et
375 1139 423 1176 in
446 1136 546 1175 fano
569 1138 765 1188 lucoque,
805 1151 853 1174 ea
881 1137 1084 1189 religione
1116 1145 1156 1173 et
1187 1150 1235 1173 eo
1267 1136 1368 1189 jurae

36 1197 193 1247 sancto,
223 1210 304 1250 quo
323 1195 418 1245 sunt
436 1194 606 1247 templa,
636 1208 740 1246 quae
761 1193 870 1245 asyla
885 1195 1036 1232 Graeci
1058 1193 1283 1245 appellant,
1317 1201 1366 1231 et

37 1255 234 1294 nondum
257 1264 326 1291 aut
353 1251 512 1291 indicto
538 1252 666 1299 bello,
697 1263 766 1289 aut
784 1253 839 1290 ita
862 1250 1098 1298 commisso,
1132 1260 1175 1287 ιη
1197 1249 1364 1295 strictos:

36 1311 215 1367 gladios,
247 1321 316 1350 aut
340 1309 587 1362 sanguinem
612 1323 780 1360 usquam
812 1307 965 1346 sactum
991 1308 1221 1355 audissent,
1260 1302 1357 1346 cuin

38 1384 117 1425 per
138 1382 340 1423 magnum?
364 1368 494 1406 otium
520 1366 692 1415 milites,
724 1366 792 1405 alii
821 1367 873 1405 ad
904 1364 1192 1419 spectaculum‘
1208 1365 1358 1418 templi

35 1428 201 1480 lucique
226 1424 350 1474 verli,
388 1426 459 1464 alii
483 1426 530 1463 in
552 1424 673 1462 litore
696 1425 879 1467 inermes
906 1434 1173 1477 vagarentur,
1206 1437 1360 1476 magua.

37 1482 134 1539 pars
156 1498 233 1538 per
252 1494 368 1536 agros
388 1483 590 1536 lignatum
616 1484 935 1535 pabulatumque
963 1481 1119 1535 dilapsa
1141 1480 1262 1529 esset3
1295 1496 1363 1518 ren

37 1553 167 1597 pente
188 1542 435 1595 Menippus,
475 1542 630 1593 palatos
665 1540 809 1593 passim
836 1539 1061 1593 aggressus,
1102 1553 1168 1578 eos
1191 1537 1358 1587 cecidit,

40 1598 95 1639 ad
119 1599 428 1653 quinquaginta·
444 1599 558 1638 vivos
588 1599 710 1651 cepit.
771 1599 970 1652 perpauci
1001 1597 1264 1650 effugerunt,
1306 1597 1361 1635 in

42 1658 189 1711 quibus
219 1657 361 1708 Mictio
396 1670 524 1710 parva
559 1657 755 1694 oneraria
784 1669 895 1694 nave
933 1667 1142 1708 exceptus.
1201 1655 1261 1691 ha
1287 1666 1360 1692 res

40 1715 240 1766 Quinctio
260 1714 560 1767 Romanisque,
592 1712 689 1752 sicut
709 1714 864 1766 jactura
888 1714 1062 1751 militum
1086 1710 1269 1761 molesta,
1299 1711 1360 1749 ita

40 1772 95 1811 a'd
115 1773 176 1825 jus
196 1770 415 1811 inferendi
435 1770 648 1810 Antiocho
673 1772 769 1809 belli
791 1770 984 1825 adjecisse
1008 1771 1266 1824 aliquantum
1296 1768 1361 1807 vi-

41 1829 229 1869 debatur.
265 1828 519 1878 Antiochus,
550 1827 715 1866 admoto
737 1827 789 1866 ad
808 1828 1004 1867 Aulidem
1028 1827 1226 1874 exercitu,
1258 1839 1355 1864 cum

40 1885 187 1927 rursus·
198 1897 403 1936 oratores,
428 1886 580 1939 partim
602 1900 654 1924 ex
675 1885 768 1935 suis,
802 1887 955 1940 partim
976 1885 1167 1932 Aetolos,
1196 1881 1359 1923 Chalci„

44 1943 141 1984 dem
163 1943 349 1992 misisset,
390 1944 461 1997 qui
486 1943 631 1982 eadem
655 1944 745 1991 illa,
777 1957 882 1996 quae
909 1958 1069 1997 nuper,
1101 1957 1197 1984 cum
1227 1941 1360 1980 minis

40 2003 310 2056 gravioribus>
337 2012 529 2054 agerent,
572 2001 856 2055 nequidquam
890 2014 1037 2040 contra
1077 2001 1278 2040 Mictione
1317 2008 1361 2036 et:

40 2059 271 2100 Xenoclide
291 2059 575 2108 tendentibus,
612 2057 734 2098 facile
754 2060 910 2108 tenuit,
937 2071 982 2097 ut
1002 2071 1145 2112 portae
1168 2057 1241 2096 fibi
1262 2070 1358 2109 ape·-

43 2118 240 2156 rirentur.
285 2117 367 2167 Qui
390 2117 608 2155 Romanae
629 2117 756 2170 partis
778 2128 921 2165 erant,
952 2117 1023 2155 sub
1045 2116 1271 2157 adventum
1293 2128 1358 2152 ra-

41 2176 100 2228 gis
114 2177 222 2213 urbe
243 2173 517 2215 excesserunt.
540 2173 803 2214 Achaeorum
824 2186 864 2213 et
880 2171 1082 2213 Eumenis
1105 2175 1255 2212 milites
1275 2172 1358 2211 Sal-

39 2246 175 2284 ganea
199 2232 414 2271 tenebant.
473 2232 524 2270 Et
549 2233 599 2270 in
624 2233 781 2284 Euripo
807 2231 1014 2271 castellum
1037 2232 1223 2270 Romani
1249 2231 1358 2268 mili-

42 2300 101 2327 tes
119 2290 240 2343 p'auci
259 2288 464 2328 custodiae
483 2288 600 2328 causa
629 2291 709 2328 loci
731 2292 1090 2332 communiebant.
1153 2291 1357 2343 Salganea

40 2346 287 2400 Menippus,
324 2360 401 2385 rex
428 2347 511 2399 ipse
541 2346 751 2385 castellum
774 2347 919 2400 Euripi
939 2362 1182 2401 oppugnare
1203 2348 1260 2386 est
1285 2346 1355 2385 ad-

40 2413 164 2443 ortus.
223 2405 382 2442 Priores
400 2403 558 2458 Achaei
581 2416 620 2442 et
642 2405 841 2443 Eumenis
865 2406 1012 2443 milites
1038 2407 1170 2459 pacti,
1202 2417 1246 2443 ut
1267 2404 1356 2443 sine

22 2460 188 2517 ,fraude
209 2460 355 2501 liceret
379 2463 515 2510 abire,
549 2461 752 2520 praesidio
778 2461 1051 2503 excesserunt.
1102 2464 1356 2517 pertinacius

1202 2523 1353 2559 Roma·
