1548 2703
149 100 238 146 530
417 96 450 137 L
471 97 491 136 1
510 95 543 136 B
564 93 600 136 E
621 95 661 136 R
701 95 828 135 XLII.
885 96 1001 135 CAr.
1026 96 1218 134 XXVIII.

428 152 549 159 ———
567 147 1492 160 ———-—-————————-———-——-—--———

279 248 468 285 XXVIII.
529 245 653 283 Exitu
677 258 809 297 prope
836 245 942 282 anni
966 247 1008 283 C.
1033 245 1231 298 Popillius
1254 244 1398 283 consul
1419 246 1504 283 Ro-

163 319 281 345 mam
305 302 432 343 rediit
444 303 659 356 aliquanto
672 302 816 350 serius,
837 317 962 355 quam
980 301 1147 340 senatus
1166 301 1402 342 censuerat:
1435 302 1503 341 cui

162 364 305 417 primo
329 372 492 413 quoque
513 370 703 413 tempore
735 358 991 412 magistratus
1019 360 1176 407 creari⁷
1209 369 1306 398 cum
1335 369 1503 398 tantum

163 421 322 459 bellum
357 418 626 464 immineret,
665 416 816 467 iussum
848 427 952 455 erat.
1013 418 1156 469 Itaque
1188 430 1279 454 non
1309 416 1502 456 secundis

165 476 336 516 auribm
359 476 520 513 Patrum
547 473 711 513 auditus
735 473 794 512 est
815 473 975 521 consul,
999 487 1093 510 cum
1111 474 1159 512 in
1181 473 1283 512 aede
1301 473 1503 512 Bellonae

166 534 221 573 de
243 535 366 571 rebus
396 533 446 571 in
474 532 689 584 Liguribus
718 530 837 584 gestis
870 530 1100 568 dissereret.
1159 529 1520 569 succlamationes

165 591 413 643 frequentes
436 599 562 641 erant
579 588 1044 640 interrogationesque,
1072 601 1152 640 ,cut
1181 586 1336 626 scelere
1360 586 1502 626 fratris

168 646 384 702 oppressos
408 647 577 698 Ligures
601 646 648 683 in
664 645 901 685 libertatem
925 658 1017 683 non
1038 643 1301 684 restituisset?
1327 645 1503 683 Comitia

169 705 406 746 consularia
420 733 430 749 ,
463 705 511 741 in
533 716 655 755 quam
679 701 814 740 edicta
836 712 958 741 erant
980 702 1116 745 diem,
1150 700 1384 756 antediem·
1402 702 1501 740 duou

171 763 386 804 decimum
421 760 634 799 Kalendas
662 760 832 799 Martias
855 759 951 798 sunt
976 759 1131 798 habita.
1190 759 1328 799 Creati
1356 759 1503 798 consu-

169 822 256 869 les,
303 821 344 858 P.
368 818 552 857 Licinius
579 816 767 864 Crassus,
808 819 848 856 C.
873 816 1029 856 Casfms
1052 815 1279 872 Longinus.
1340 816 1503 861 Postero
1533 838 1535 841 .

166 878 242 918 vdie
261 887 477 931 praetores
510 873 632 923 facti,
672 876 716 913 C.
739 875 942 928 Sulpicius
970 875 1130 921 Galba,
1170 876 1213 913 L.
1237 874 1384 915 Furius
1412 870 1502 921 Phi*-

168 936 258 982 lus,
292 936 334 973 L.
361 932 583 985 Canuleius
613 932 772 981 Dives,
803 934 849 971 C.
874 933 1083 971 Lucretius
1108 933 1277 981 Gallus,
1312 933 1357 971 C.
1381 931 1504 971 Cani·

168 994 269 1032 'nius
284 986 479 1040 Rebilus,
503 990 547 1026 L.
568 989 718 1029 Villius
731 988 928 1028 Annalis.
970 990 1043 1028 His
1056 990 1314 1042 praetoribus
1332 989 1503 1042 provin·

171 1052 262 1090 ciae
284 1048 499 1087 decretae:
534 1045 640 1085 duae
667 1046 762 1101 'jure
783 1047 944 1086 Romae
969 1046 1174 1091 dicendo,
1203 1047 1431 1099 Hispania,
1462 1055 1503 1086 et

174 1108 336 1155 Sicilia,
369 1116 409 1143 et
433 1102 652 1154 Sardinia3
681 1114 725 1142 ut
746 1105 822 1143 uni
846 1103 930 1143 sors
951 1104 1114 1157 integra
1136 1102 1258 1152 esset,
1287 1119 1367 1157 quo
1386 1103 1504 1143 sena*-

176 1177 242 1205 tus
263 1161 496 1205 censuisset.
559 1160 806 1200 Consulibus
831 1161 1049 1215 designatis
1075 1162 1297 1215 imperavit
1314 1160 1508 1211 senatus,

177 1234 243 1272 ut,
277 1235 358 1274 qua
378 1219 447 1258 die
481 1218 762 1271 magistratum
782 1218 981 1268 inissent,
1013 1218 1152 1259 hostiis
1174 1219 1398 1271 majoribus
1422 1220 1503 1263 rite

174 1279 363 1319 mactatis
377 1307 387 1325 ,
419 1287 716 1330 precarentur,
748 1287 814 1325 ut,
846 1276 960 1329 quod
979 1277 1134 1314 bellum
1154 1277 1329 1330 populus
1350 1278 1504 1315 Roma-

176 1351 259 1377 nus
278 1337 326 1375 in
348 1335 491 1373 animo
513 1334 685 1372 haberet
702 1348 846 1387 gerere
859 1364 871 1383 ,
902 1345 946 1372 ut
966 1333 1007 1373 id
1030 1334 1277 1387 prosperum
1297 1335 1503 1375 eveniret·

176 1394 342 1434 Eodem
375 1392 442 1430 die
475 1391 659 1429 decrevit
686 1391 874 1440 senatus,
911 1393 954 1430 C.
988 1393 1180 1445 Popillius
1209 1390 1351 1436 consul
1381 1390 1503 1431 ludos

179 1459 255 1507 per
289 1451 376 1489 dies
407 1449 551 1488 decem
577 1449 667 1488 Jovi
694 1450 854 1502 optimo
874 1450 1056 1487 maximo
1089 1459 1274 1495 voveret,
1307 1448 1504 1501 donaque

179 1511 289 1549 c‘irca
313 1508 454 1546 omnia
475 1506 708 1559 pulvinaria
725 1506 827 1554 dari,
847 1505 875 1544 si
896 1507 1131 1560 respublica
1150 1506 1293 1545 decem
1307 1520 1441 1545 annos
1454 1508 1505 1546 in.

181 1567 329 1606 eodem
353 1565 454 1603 statu
475 1562 623 1602 fuisset.
684 1566 744 1602 Ita
766 1575 807 1601 ut
834 1563 1108 1612 censuerant,
1140 1566 1187 1602 in
1215 1565 1417 1617 Capitolio
1434 1579 1504 1604 vo-

179 1625 242 1664 vit
266 1623 409 1662 consul
431 1621 548 1660 ludos
570 1622 682 1670 fieri,
714 1621 973 1673 donariaque
995 1621 1101 1670 dari,
1132 1618 1293 1674 quanta*
1314 1636 1365 1660 ex
1382 1636 1504 1676 pecu-

181 1684 255 1721 nia
278 1679 481 1719 decresset
501 1678 664 1717 senatus
678 1708 690 1727 ,
720 1693 815 1717 cum
840 1689 1008 1716 centum
1032 1689 1071 1716 et
1090 1680 1391 1732 quinquaginta
1409 1691 1503 1719 non

180 1741 323 1778 minus
345 1736 545 1776 adessent„
585 1747 815 1790 praeeunte
837 1738 965 1776 verba
986 1736 1142 1788 Lepido
1158 1737 1356 1789 pontifice
1375 1739 1518 1785 maxia

180 1812 266 1846 mo,
291 1795 337 1835 id
356 1807 495 1834 votum
515 1793 744 1846 susceptum
768 1793 836 1831 est.
877 1793 940 1832 Eo
961 1807 1076 1831 anno
1097 1793 1326 1833 sacerdotes
1349 1793 1506 1849 publici

181 1855 362 1902 mortui,
404 1854 446 1892 L.
481 1851 685 1890 Aemilius
714 1854 843 1905 Papus
871 1850 1084 1889 decemvir
1112 1851 1346 1901 sacrorum,
1380 1863 1421 1891 et
1451 1854 1504 1903 Q.

183 1913 354 1952 Fulvius
376 1911 543 1949 Flaccus
565 1908 771 1962 pontifex,
800 1909 869 1961 qui
888 1910 1029 1962 priore
1053 1922 1169 1947 anno
1190 1908 1326 1948 suerat
1342 1908 1522 1949 censor-‚¹

185 1971 266 2009 Hic
289 1965 408 2007 foeda
429 1978 562 2006 morte
582 1967 720 2019 periit.
781 1966 845 2004 Ex
866 1965 1029 2005 duobus
1046 1966 1139 2005 filiis
1170 1967 1276 2020 ejus,
1316 1969 1387 2019 qui
1414 1977 1505 2006 tum

183 2028 232 2067 in
255 2027 423 2078 Illyrico
447 2025 704 2072 militabant,
733 2024 974 2062 nuntiatum
998 2024 1174 2062 alterum
1194 2023 1417 2073 decessisse,
1448 2026 1506 2063 al·

184 2095 324 2123 terum
350 2084 465 2135 gravi
493 2092 539 2120 et
569 2080 797 2135 periculoso
829 2083 978 2119 morbo
1002 2095 1171 2134 aegrum
1201 2082 1311 2126 esse„
1354 2083 1507 2136 Obruit

184 2142 375 2180 animum
407 2139 523 2178 simul
556 2140 686 2177 luctus
716 2149 952 2191 metusque:
994 2153 1119 2177 mane
1147 2137 1317 2192 ingressi
1342 2141 1518 2202 cubicu-x
1542 2170 1544 2174 .

184 2200 270 2238 lum
294 2198 398 2237 servi
418 2199 565 2250 laqueo
594 2196 910 2249 dependentem
936 2197 1157 2234 invenere.
1215 2197 1316 2235 Erat
1344 2199 1503 2251 opinio,

183 2251 274 2310 post
296 2255 514 2294 censuram
535 2256 673 2292 minus
704 2265 942 2306 compotem
967 2252 1087 2292 fuisse
1111 2252 1193 2292 sui:
1227 2249 1350 2306 vulgo
1379 2256 1507 2294 juno*—

182 2315 252 2353 nis
286 2314 477 2352 Laciniae
498 2314 600 2351 iram
629 2314 680 2349 ob
700 2311 918 2364 spoliatum
936 2312 1139 2364 templum
1171 2311 1367 2350 alienasse
1388 2305 1507 2361 menl-

183 2381 267 2409 tem
294 2371 495 2409 serebant.
558 2368 761 2408 Suffectus
782 2370 829 2406 in
852 2368 1023 2407 Aemilii
1044 2370 1178 2406 locum
1207 2369 1420 2409 decemvir
1445 2371 1504 2411 Mt

182 2430 374 2468 Valerius
393 2427 589 2475 Messala3
619 2428 664 2464 in
687 2427 822 2464 Fulvii
841 2425 1037 2479 pontifex
1066 2427 1143 2465 Cn.
1164 2426 1377 2467 Domitius
1395 2426 1508 2467 Ahe‘·

180 2480 394 2526 uobaxbus
407 2515 418 2536 ,
447 2484 602 2540 oppido
621 2482 860 2523 adolescens
884 2483 1074 2523 sacerdos
1092 2485 1236 2524 lectus.

1319 2562 1323 2566 -
1355 2532 1503 2581 xx1x.
