1548 2703
0 2263 1 2284 1

0 2331 2 2350 k

0 2360 3 2436 ἱ

0 2437 7 2703 ἱ
34 2558 37 2559 f

295 86 340 126 L·
369 86 391 126 1
410 82 454 125 ’Β
483 84 521 127 Ε
548 85 597 127 R‘
628 84 815 126 XXXVI.
880 83 997 127 CAr.
1020 83 1168 127 XXIV.
1321 83 1406 135 245

370 159 420 194 U.
444 159 488 195 C.
511 159 608 202 361.
789 170 823 192 a.
849 157 892 194 C.
916 156 968 193 N.
1001 168 1092 208 ¹9¹⁴

172 237 321 274 XXIV.
385 236 563 285 Consul,
592 251 687 275 cum
707 246 833 274 noete
855 235 995 274 media
1018 232 1312 274 intermifissee
1330 247 1403 287 op-

60 294 393 348 pugnationem,
448 304 593 345 quarta
624 294 762 347 vigilia
790 292 931 332 rursus
962 295 1014 332 ab
1045 294 1179 331 tribus
1211 290 1400 345 partibus

54 351 217 390 summa
241 351 281 389 vi
306 350 536 403 aggressus,
571 352 623 389 ab
646 365 735 389 una
755 351 820 389 Ti.
844 350 1143 403 Sempronium
1163 359 1313 388 tenere
1333 348 1400 386 in·

53 418 194 447 tentos
229 409 384 446 milites
414 407 659 461 signumque
687 407 973 461 exspectantes
1004 406 1139 459 juffit,
1181 405 1235 443 ad
1268 419 1316 443 ea
1347 406 1400 444 in

53 476 267 504 nocturno
295 465 486 512 tumuitu,
511 465 626 503 unde
651 466 810 504 clamor
823 465 1109 512 exaudiretur,
1135 461 1249 502 haud
1269 461 1398 502 dubie

52 533 166 561 ratus
193 520 328 562 hostes
344 521 629 561 concursuros.
671 522 812 562 Aetoli
832 537 926 576 pars
942 522 1061 575 sopiti
1075 520 1227 560 affecta
1246 521 1396 560 labore

53 594 103 619 ac
122 580 271 633 vigiliis
293 593 468 632 corpora
495 595 546 619 ex
565 579 713 618 somno
736 581 1047 619 moliebantur:
1091 592 1189 633 pars
1218 578 1395 631 vigilan-

51 647 114 677 tes
141 637 278 676 adhuc
297 636 349 674 ad
370 636 585 691 strepitum
609 638 888 691 pugnantium
914 639 963 677 iu
986 637 1176 675 tenebris
1199 645 1391 675 currunt.

53 693 199 737 Hostes
218 695 372 747 partim
393 708 470 748 per
493 696 639 734 ruinas
660 694 836 747 jacentis
846 696 958 734 muri
977 692 1302 733 transscendere
1323 706 1393 731 co-

54 762 238 792 nantur:
278 752 431 804 partim
459 751 575 792 scalis
613 751 801 791 ascensus
831 762 1014 799 tentant.
1063 750 1258 792 adversus
1284 762 1390 805 quos

54 808 245 861 undique
269 807 321 846 ad
346 823 468 862 opem
486 808 711 849 ferendam
734 821 963 850 occurrunt
973 808 1126 850 Aetoli.
1167 810 1264 847 Pars
1283 820 1389 856 una,

53 867 102 907 in
128 879 208 919 qua
227 865 413 906 aedificia
425 878 540 906 extra
553 869 701 906 urbem
723 878 858 916 erant,
880 874 1021 920 neque
1032 864 1291 911 defenditur,
1312 878 1389 905 ne-

51 937 133 977 que
153 933 441 977 oppugnatur:
473 923 544 963 sed
558 954 570 973 ‚
600 926 671 979 qui
692 936 1012 980 oppugnarent,
1042 924 1201 964 intenti
1219 922 1386 977 [ignum

51 979 373 1034 exspectabant3
398 980 596 1021 defensor
617 997 746 1022 nemo
763 982 919 1022 aderat.
979 983 1073 1023 Jam
1093 980 1385 1030 dilucescebar,

51 1052 148 1078 cum
169 1037 332 1092 lignum
353 1038 496 1077 consul
519 1039 658 1078 dedit:
691 1051 730 1079 et
752 1039 842 1079 fine
863 1040 948 1079 ullo
973 1040 1210 1079 certamine
1226 1039 1385 1091 partim

52 1109 130 1150 per
147 1094 356 1145 semiruta,
379 1097 532 1150 partim
556 1096 674 1136 [calis
686 1099 869 1151 integros
891 1110 1032 1136 muros
1043 1093 1390 1147 transscendere,

54 1153 186 1193 Simul
209 1153 381 1200 clamor,
403 1153 537 1192 index
557 1155 666 1207 capti
685 1155 844 1208 oppidi,
866 1154 924 1194 est
935 1153 1166 1203 exauditus,
1190 1151 1385 1206 undique

54 1209 208 1259 Aetoli,
234 1209 403 1249 desertis
422 1210 678 1260 stationibus,
699 1213 747 1250 in
767 1225 906 1250 arcem
925 1210 1103 1265 fugiunt.
1164 1208 1383 1264 Oppidum

53 1269 231 1307 victores
251 1267 451 1321 permissu
464 1267 643 1308 consulis
654 1268 884 1323 diripiunt3
908 1282 1001 1307 non
1021 1280 1106 1308 tam
1128 1268 1179 1306 ab
1199 1269 1276 1317 ira,
1296 1280 1381 1308 neo

52 1326 106 1363 ab
127 1323 248 1374 odio,
276 1338 399 1377 quam
422 1337 464 1363 ut
482 1326 623 1376 miles,
654 1327 855 1366 coercitus
875 1329 922 1365 in
941 1336 1001 1364 tot
1019 1325 1196 1378 receptis
1216 1338 1270 1364 ex
1288 1334 1380 1379 pot-

53 1380 178 1420 estate
199 1380 378 1421 hostium
398 1384 592 1432 urbibus,
629 1384 768 1438 aliquo
793 1382 967 1422 tandem
990 1384 1082 1422 loco
1108 1382 1292 1422 fructum
1319 1382 1384 1422 vi-

47 1439 209 1479 ‘ctoriae
229 1437 415 1479 sentiret.
453 1441 684 1481 Revocatos
706 1440 810 1480 inde
829 1439 1004 1480 amedio
1024 1439 1160 1480 ferme
1174 1439 1252 1489 jdie
1269 1439 1379 1479 mili-

52 1507 114 1536 tes
143 1511 238 1536 cum
260 1497 309 1536 in
330 1497 431 1537 duas
451 1497 645 1538 divifiss'et
666 1509 828 1552 partes,
869 1512 998 1537 unam
1023 1496 1233 1537 radicibus
1252 1509 1380 1537 mon-

52 1555 157 1600 tium
176 1554 436 1595 circumduci
459 1554 512 1594 ad
530 1570 677 1608 rupem
696 1555 826 1609 jussit,
856 1569 986 1610 quae,
1013 1553 1173 1609 fastigio
1195 1553 1379 1595 altitudi-

53 1612 121 1650 nis
141 1625 229 1664 par,
249 1611 389 1652 media
409 1614 517 1659 valle
535 1615 648 1653 velut
667 1616 841 1667 abrupta
853 1614 905 1653 ab
924 1626 1020 1652 arce
1041 1623 1152 1670 er3t3
1178 1611 1250 1651 sed
1270 1610 1377 1651 adeo

52 1682 185 1723 prope
207 1670 416 1722 geminata
437 1671 656 1710 cacumina
687 1686 831 1710 eorum
858 1671 1065 1710 montium
1087 1669 1208 1719 sunt,
1249 1679 1295 1707 ut
1320 1682 1377 1710 ex

53 1727 209 1766 vertice
227 1728 358 1766 altero
377 1729 529 1781 conjici
548 1730 632 1767 tela
649 1730 696 1768 in
715 1742 856 1768 arcem
875 1727 1048 1782 possint:
1077 1742 1171 1766 cum
1194 1725 1375 1767 dimidie

50 1794 170 1838 parte
199 1785 379 1824 militum
419 1784 588 1835 consul,
636 1789 689 1826 ab
726 1789 832 1825 urbe
867 1784 1108 1825 escensurus
1135 1785 1185 1824 in
1214 1797 1374 1831 arcem,

52 1842 214 1894 lignum
235 1843 286 1880 ab
305 1843 377 1891 iis,
407 1844 478 1897 qui
499 1845 552 1881 ab
572 1853 687 1898 tergo
705 1845 753 1884 in
771 1857 922 1897 rupem
951 1841 1109 1882 evasuri
1127 1853 1271 1890 erant,
1302 1841 1375 1881 ex'-

49 1897 269 1953 spectabat.
328 1901 431 1939 Non
453 1901 609 1950 tulere,
643 1902 715 1956 qui
733 1902 782 1940 in
812 1915 910 1940 arce
938 1911 1083 1950 erant,
1122 1898 1259 1939 Aetoli
1286 1898 1373 1952 pri-

49 1970 168 1995 mum
187 1970 357 2007 eorum,
390 1958 461 2010 qui
486 1971 637 2011 rupem
664 1969 888 2013 ceperant,
919 1959 1172 2007 clamorem,
1209 1954 1373 1996 deinde

48 2014 254 2067 impetum
266 2017 318 2053 ab
340 2017 445 2054 urbe
462 2016 781 2065 Romanorum;
805 2027 845 2055 et
863 2015 1003 2055 fractis
1026 2015 1109 2070 jaJn
1131 2013 1298 2063 animis,
1328 2023 1373 2053 et

49 2072 170 2110 nulla
180 2072 239 2110 ibi
259 2083 506 2126 praeparata
518 2086 564 2111 re
583 2073 635 2112 ad
647 2072 905 2113 obfidionem
918 2072 1070 2112 diutius
1081 2070 1372 2121 tolerandamg

50 2139 192 2184 utpote
218 2131 478 2184 congregatis
501 2129 700 2180 feminis,
738 2132 960 2184 puerisque
975 2159 986 2179 ,
1036 2140 1076 2168 et
1099 2129 1262 2168 imbelli
1287 2129 1371 2170 alia

50 2188 173 2225 turba
191 2186 240 2225 in
263 2199 416 2238 arcem,
449 2201 556 2241 quae
579 2190 650 2228 vix
666 2201 830 2242 capere,
858 2187 1020 2227 nedum
1041 2187 1161 2237 tueri,
1186 2186 1371 2237 multitu·

51 2241 199 2283 dinem
220 2254 381 2284 tantam
404 2244 548 2299 posset.
605 2246 765 2299 itaque,
797 2244 850 2285 ad
870 2246 1053 2299 primum
1079 2245 1281 2299 impetum
1301 2245 1370 2282 ab·

49 2299 166 2352 jectis
197 2302 345 2352 armis,
388 2302 647 2342 dediderunt
674 2301 770 2343 sese.
836 2302 1034 2342 Traditus
1066 2302 1181 2342 inter
1208 2312 1371 2341 ceteros

49 2358 248 2411 princeps
263 2357 508 2399 Aetolorum
525 2359 796 2400 Damocritus
826 2359 907 2400 est:
936 2360 1006 2412 qui
1028 2359 1240 2414 principio
1270 2357 1371 2397 belli

51 2413 268 2453 decretum
286 2415 550 2467 Aetolorum,
577 2433 660 2472 quo
679 2416 971 2458 arcessendum
992 2415 1253 2459 Antiochum
1274 2428 1372 2454 cen-

52 2469 244 2523 ruerant,
273 2474 324 2515 T.
346 2476 545 2527 Quinctio
563 2474 753 2529 poscenti
774 2473 1073 2531 responderat:
1103 2472 1150 2530 ‘In
1172 2471 1285 2513 Italia
1307 2470 1372 2511 da-

727 2534 769 2584 Q
796 2535 827 2580 3
1227 2541 1373 2578 turum,
