1548 2703
140 64 227 120 493
411 62 451 103 1.
466 63 487 102 1
507 62 542 102 Β
562 61 599 102 Ε
620 63 669 118 R¹
707 64 810 102 xm.
880 63 944 102 CA
959 78 991 102 ι».
1011 65 1125 102 xm.
1151 54 1235 104 Χ’Χ.

140 132 1044 199 „QZ-*401*-
1073 138 1183 181 ¹7⁵³

1099 187 1478 205 Ἥ

145 217 431 269 [ἓ-,ει-ἃνεγᾶῃτ,
451 211 521 251 sed
543 210 752 262 graviores
776 211 866 250 fieri
883 212 932 250 in
953 211 1041 250 dies
1060 224 1310 264 cernerent,
1335 214 1476 256 subni»
1537 230 1539 232 ’

141 274 204 312 [03
226 273 438 311 Thracum
459 269 694 306 accolarum
715 278 755 306 et
775 267 1085 308 Scordiscorum
1106 271 1287 320 auxiliis,
1315 272 1478 312 auden-

141 330 243 369 dum
267 323 428 377 aliquid
446 325 512 364 vel
532 334 689 364 temere
710 327 814 374 rati,
846 340 994 365 omnes
1028 326 1222 380 undique
1248 323 1399 369 armati
1419 329 1474 370 ad

139 381 357 437 oppidum,
382 381 494 435 quod
514 383 754 436 proximum
776 382 914 423 castris
933 382 1237 423 Bastarnarum
1254 398 1354 435 erat,
1375 401 1474 427 con·

137 441 331 480 veniunt.
394 440 538 479 Hiems
559 450 648 478 erat
663 469 674 489 ,
705 451 745 479 et
767 439 812 479 id
832 441 939 479 anni
962 450 1131 493 tempus
1160 442 1397 496 elegerant,
1427 455 1474 483 ut

138 499 326 537 Thraces
357 496 642 549 Scordiscique
681 498 729 536 in
756 497 862 536 fines
894 496 985 537 suos
1014 499 1198 537 abirent.
1257 498 1369 552 quod
1399 502 1473 545 ubi

136 557 194 595 ita
216 554 393 604 factum,
423 565 463 593 et
483 553 586 592 solos
605 554 685 606 jam
705 553 790 594 esse
820 554 1043 594 Bastarnas
1079 555 1328 605 audierunt,
1369 556 1472 597 bisa-

104 648 107 650 .
135 616 241 651 riam
265 611 464 651 dividunt
480 612 645 664 copias:
673 625 791 665 pars,
820 623 865 651 ut
885 622 1000 650 recto
1020 607 1178 651 itinere
1197 611 1252 652 ad
1271 613 1472 654 lacessen-

75 697 81 699 -
136 670 238 710 dum
261 684 313 709 ex
334 680 478 722 aperto
499 670 602 717 iret3
631 683 750 722 pars,
786 669 909 708 devio
940 668 1044 707 saltu
1076 669 1386 721 circumducta,
1417 674 1471 713 ab

135 739 250 782 tergo
274 725 582 781 aggrederetur.
642 728 859 775 Ceterum,
890 727 1136 779 priusquam
1160 728 1384 767 circumire
1403 742 1469 769 can

133 785 217 825 stra
236 785 416 824 hostium
445 782 634 837 possent,
675 795 906 837 pugnatum
940 782 1023 832 est3
1059 785 1240 837 victique
1267 784 1468 827 Dardani

134 843 448 896 compelluntur
469 842 517 887 in
539 842 714 891 urbem,
745 856 851 895 quae
880 839 970 879 fere
1002 840 1226 881 duodecim
1255 838 1386 882 millia
1415 846 1468 882 ab

134 901 278 940 castris
296 899 593 938 Bastarnarum
615 901 770 939 aberat.
830 899 1020 938 Victores
1042 897 1263 938 confestim
1291 898 1467 948 circum}

133 958 274 998 fidunt
297 959 470 1005 urbem,
505 953 621 994 haud
642 955 769 995 dubie
790 955 956 1009 postero
979 955 1046 995 die
1071 967 1140 995 aut
1158 967 1275 996 metu
1304 957 1466 997 deditu-

132 1017 191 1055 ris
213 1014 255 1054 se
274 1013 481 1062 hostibus,
517 1023 587 1052 aut
616 1014 656 1053 vi
684 1014 976 1067 expugnaturi.
1033 1015 1213 1053 Interim
1238 1014 1466 1055 Dardano-

132 1087 227 1112 rum
247 1073 377 1112 altera
396 1084 571 1119 manus,
603 1085 709 1122 quae
741 1069 1029 1109 circumducta
1058 1081 1170 1119 erat,
1208 1073 1357 1125 ignara
1384 1074 1467 1112 cla-

132 1130 197 1171 dis
218 1129 410 1180 suorum,
440 1127 571 1169 castra
593 1128 892 1169 Bastarnarum
913 1127 1002 1167 fine
1030 1127 1238 1182 praesidio
1261 1130 1406 1170 relicta

649 1213 674 1238 a
785 1184 810 1208 ἥ
923 1212 947 1237 >ic

247 1304 333 1342 XX.
363 1299 390 1329 *²
402 1300 426 1324 ἅ
436 1299 460 1324 ³⁶
469 1315 600 1350 more,
621 1298 719 1339 sella
737 1300 925 1339 eburnea
940 1299 1082 1353 pofita,
1104 1301 1166 1355 jus
1185 1300 1363 1353 dicebat,
1383 1303 1464 1343 dis-

130 1364 407 1416 ceptabatque
437 1358 740 1400 controversias
767 1357 1044 1396 minimarum
1075 1371 1232 1398 rerum.
1274 1360 1469 1415 adeoque.

129 1420 239 1459 nulli
261 1417 457 1457 fortunae
469 1415 724 1455 adhaerebat
736 1415 917 1463 animus,
941 1429 1018 1468 per
1029 1417 1172 1456 omnia
1185 1431 1343 1469 genera
1356 1420 1464 1458 vitae

131 1490 304 1525 errans,
334 1476 395 1515 uti
414 1487 497 1513 nec
516 1473 604 1522 libi,
630 1487 711 1511 nec
732 1473 842 1521 aliis,
872 1474 1047 1525 quinam
1067 1474 1194 1513 homo
1215 1473 1334 1524 esset,
1362 1475 1467 1518 satis.

130 1534 355 1574 constaret.
423 1532 527 1571 Non
559 1531 713 1583 alloqui
744 1531 920 1579 amicos,
961 1531 1032 1568 vix
1057 1531 1169 1570 notis
1194 1529 1461 1573 familiariter

131 1591 347 1639 arridere3
376 1583 669 1628 munificentia
689 1588 902 1641 inaequali
922 1586 1006 1626 sese:
1027 1589 1210 1641 aliosque
1232 1589 1459 1632 ludificari:

132 1647 379 1703 quibusdam
402 1647 620 1686 honoratis
635 1658 869 1699 magnoque
889 1643 1199 1685 aestimantibus
1212 1644 1254 1686 se
1267 1648 1460 1700 puerilia,

130 1718 176 1745 ut
195 1705 310 1745 escae
333 1716 403 1744 aut
423 1703 545 1754 lusus,
567 1717 748 1742 munera
768 1702 894 1751 dare3
925 1703 1025 1742 alios
1043 1701 1460 1757 nihilexspectantes

131 1764 281 1805 ditare.
341 1764 486 1815 Itaque
508 1760 693 1808 nescire,
726 1759 828 1814 quid
850 1759 926 1798 fibi
947 1761 1096 1809 vellet,
1123 1761 1370 1813 quibusdam
1405 1766 1471 1811 vi-'4

131 1821 238 1860 deri.
286 1819 458 1873 quidam
479 1818 627 1857 ludere
647 1831 741 1857 eum
758 1817 1026 1870 -fimpliciter,
1060 1817 1230 1870 quidam
1252 1819 1366 1859 haud
1387 1820 1471 1860 du·-

129 1880 198 1918 bie
221 1877 411 1917 insanire
430 1878 609 1928 aiebant.
654 1878 710 1914 In
731 1875 888 1922 duabus
909 1886 1052 1913 tamen
1074 1876 1237 1928 magnis
1257 1876 1460 1919 honestis-

131 1950 211 1989 que
232 1938 358 1974 rebus
377 1947 476 1973 vere
494 1934 632 1987 regius
655 1944 744 1972 erat
764 1933 931 1972 animus
944 1962 954 1980 ‚
981 1933 1029 1972 in
1049 1933 1386 1985 urbium-donis,
1417 1945 1460 1975 et

130 1994 324 2033 Deorum
353 1993 478 2030 cultu.
535 1988 899 2045 Megalopolitanis
928 1990 976 2029 in
1007 1988 1191 2030 Arcadia
1222 2007 1388 2031 murum
1415 1992 1458 2034 se

131 2049 485 2090 circumdaturum
517 2050 611 2087 urbi
643 2047 702 2087 est
726 2049 956 2101 pollicitus,
987 2048 1275 2103 majoremque
1294 2060 1458 2104 partem

131 2109 336 2163 pecuniae
349 2106 484 2146 dedit.·
519 2106 683 2161 Tegeae
696 2105 905 2144 theatrum
922 2105 1189 2158 magnificum
1201 2120 1225 2146 e
1246 2121 1458 2147 marmore

132 2165 271 2206 facere
290 2164 481 2204 instituit.
541 2164 684 2218 Cyzici
703 2164 751 2202 in
772 2163 1048 2214 Prytaneum,
1078 2161 1141 2212 (id
1159 2163 1218 2204 est
1235 2168 1462 2218 penetrale

130 2225 269 2273 urbis,
302 2223 373 2260 ubi
401 2221 590 2275 publice,
632 2221 779 2274 quibus
807 2221 843 2259 is
869 2219 1005 2261 honos
1025 2219 1143 2260 datus
1176 2220 1257 2271 est,
1282 2221 1456 2270 yescnn·
1498 2260 1499 2263 ,

129 2281 216 2330 tur)
237 2280 329 2320 vasa
351 2293 474 2318 aurea
496 2277 665 2318 mensae
686 2275 810 2318 unius
832 2277 976 2331 posuit.
1035 2276 1235 2328 Rhodiis,
1274 2290 1317 2318 ut
1345 2280 1467 2329 nihil:v

129 2353 264 2378 unum
283 2336 460 2389 insigne,
485 2337 542 2375 ita
560 2336 701 2375 omnis
720 2337 901 2389 generis,
926 2346 969 2373 ut
988 2348 1173 2388 quaeque
1193 2335 1286 2376 usus
1307 2350 1465 2384 eorum„

127 2396 455 2451 postulaverunt,
481 2393 595 2433 dona
616 2392 743 2434 dedit.
790 2392 1130 2446 magnificentiae
1150 2407 1250 2433 vero
1268 2394 1317 2433 in
1336 2394 1454 2443 Deos

126 2456 192 2495 vel
215 2453 328 2494 Jovis
349 2451 536 2506 Olympii
556 2452 758 2506 templum
778 2449 980 2501 Athenis,
1010 2463 1143 2493 unum
1163 2452 1215 2495 in,
1244 2452 1367 2496 terris
1388 2453 1470 2502 ins,

815 2531 817 2533 ·
1331 2509 1466 2549 choa»
