1548 2703
314 83 346 123 L
379 83 399 122 1
426 82 462 122 B
491 81 529 121 E
557 81 598 121 R
641 80 813 118 XXXII.
885 80 1000 119 CAr.
1023 79 1130 119 XXI.
1339 79 1394 119 6⁵

57 137 601 201 *W-
775 162 810 186 a.
834 150 878 189 C.
906 150 959 187 N.
990 148 1081 202 198.

56 248 158 274 rum.
230 229 374 277 Achaei
406 242 550 284 portus
580 242 616 267 et
655 229 747 267 dant
782 226 968 278 fiduciam
1001 225 1304 280 postulantibus,
1356 232 1395 268 ‘et

56 292 229 335 demunt.
292 286 474 340 Philippi
510 299 674 338 praeter
717 286 883 339 legatum
923 284 1091 333 videmus
1128 282 1237 324 nihil.
1313 284 1392 324 Ro-

47 361 161 390 ‘mana
196 344 317 400 classis
357 343 409 384 ad
449 340 662 382 Cenchreas
693 342 792 392 flat,
853 340 1010 380 urbium
1052 339 1225 382 Euboeae
1259 341 1392 397 spolia

54 420 152 461 prae
173 404 218 459 se
241 404 407 456 ferens:
455 399 637 453 consulem
668 399 910 454 legionesque
939 399 1044 452 ejus,
1092 402 1237 455 exiguo
1267 403 1392 442 maris

48 463 180 520 spatio
227 461 463 514 disjunctas,
530 455 729 496 Phocidssm
777 471 818 494 ac
880 455 1081 495 Locridem
1134 470 1394 512 pervagantes

59 519 248 561 videmus.
313 515 548 562 Miramini,
600 527 671 552 cur
703 511 937 565 diffidenter
973 511 1199 552 Cleomedon
1240 514 1391 569 legatae

60 561 268 628 Philippi,
323 585 370 611 ut
401 585 478 625 pro
523 585 615 626 rege
654 585 757 610 arma
788 583 1003 622 caperemus
1033 570 1218 622 adversus
1252 571 1393 612 Roma·

60 622 156 683 nos,
179 637 289 672 modo
310 633 459 685 egerit:
492 630 584 681 qui,
610 628 645 677 fi
667 643 714 666 ex
735 628 856 667 codem
867 627 1030 680 foedere
1059 642 1101 668 ac
1113 629 1394 685 jurejurando,

62 691 173 745 cujus
203 689 312 729 nobis
351 686 578 741 religionem
612 684 825 737 injiciebat,
880 698 1057 740 rogemus
1088 699 1194 736 eum,
1250 700 1294 726 ut
1321 701 1394 728 nos

65 747 282 800 Philippus
312 757 349 784 et
376 743 422 783 ab
464 742 612 782 Nabide
650 756 690 782 ac
723 741 1029 782 Lacedaemoniis
1056 755 1095 782 et
1130 743 1175 782 ab
1206 743 1393 786 Romanis

60 803 266 859 defendat,
315 815 389 841 non
430 799 541 840 modo
573 798 830 852 praesidium,
882 812 955 852 quo
999 813 1064 840 nos
1098 814 1281 853 tueatur,
1318 801 1395 857 sed

61 876 107 903 ne
139 859 237 913 quid
272 857 501 913 respondeat
536 857 689 911 quidem
720 856 852 906 nobis,
903 854 958 903 sit
993 861 1240 900 inventurus.
1300 873 1392 911 non,

61 917 241 965 Hercle,
275 919 412 971 magis,
468 928 579 967 quam
609 914 689 968 ipse
725 911 936 967 Plzilippus
967 917 1105 966 priore
1134 930 1258 967 anno,
1304 921 1392 971 qui,

59 973 273 1030 pollicendo
309 974 352 1027 se
389 971 569 1026 adversus
621 970 808 1010 Nabidem
854 970 989 1010 bellum
1028 971 1244 1027 gesturum,
1308 988 1395 1015 cum

60 1031 235 1084 tentaffet
264 1029 426 1079 nostram
454 1021 701 1079 juventutem
733 1027 820 1066 ltine
860 1031 899 1066 in
932 1027 1118 1069 Euboeam
1149 1028 1393 1080 extrahere,-

60 1087 255 1144 postquam
285 1101 349 1126 nos
377 1099 494 1139 neque
526 1085 731 1124 decernere
763 1085 805 1124 id
834 1083 909 1131 fibi
944 1085 1208 1137 praesidium,
1271 1101 1394 1141 neque

62 1145 157 1185 velle
187 1143 335 1200 illigari
369 1142 536 1182 Romano
567 1142 660 1181 bello
705 1142 832 1189 vidit,
891 1141 1032 1181 oblitus
1060 1143 1258 1197 ficietatis
1300 1146 1393 1198 ejus,

63 1215 174 1256 quam
234 1214 334 1240 nunc
371 1202 516 1255 jactat,
576 1198 772 1249 vastandos
831 1197 1192 1254 depopulandosque
1245 1199 1398 1243 Nabidi

60 1272 104 1300 ac
132 1257 438 1309 Lacedaemoniis
465 1256 639 1309 reliquit.
656 1258 680 1312 s
700 1257 755 1294 Ac
794 1253 887 1297 milii
928 1256 1080 1309 quidem
1119 1261 1270 1298 minime
1307 1273 1394 1299 con-

62 1318 218 1357 veniens
260 1318 365 1354 inter
401 1313 440 1367 se
483 1316 609 1352 oratio
656 1311 933 1352 Cleomedontis
967 1313 1047 1368 visa
1079 1313 1148 1364 est«
1212 1315 1395 1357 Elevabat

64 1373 276 1414 Romanum
312 1369 466 1420 bellum,
526 1382 772 1422 eventumque
814 1371 895 1424 ejus
936 1371 1096 1411 eundem
1138 1370 1413 1426 fore,1qui=

63 1432 215 1485 prioris
243 1428 354 1479 belli,
393 1427 496 1482 quod
524 1440 603 1467 cum
632 1425 815 1479 Philippo
835 1428 1043 1483 gefferint,
1082 1428 1239 1471 dicebat.
1306 1431 1398 1472 Cur

63 1490 190 1543 igitur
233 1484 396 1536 nostrum
428 1485 490 1524 ille
528 1483 715 1525 auxilium
755 1484 882 1538 absens
923 1489 1026 1538 petit
1068 1491 1224 1539 potius,
1282 1502 1396 1542 quam

64 1543 243 1599 praesens
280 1557 347 1582 nos
382 1555 533 1582 veteres
555 1542 679 1595 socios
712 1539 823 1592 fimul
856 1542 900 1581 ab
942 1543 1094 1582 Nabide
1132 1537 1174 1583 αὲ
1208 1544 1394 1587 Romanis

66 1602 254 1642 tueatur?
297 1600 402 1650 Nos,
443 1601 560 1638 dico?
598 1599 696 1653 quid
723 1602 776 1638 ita
794 1599 920 1652 paffus
951 1599 1000 1650 est
1025 1600 1225 1642 Eretriam
1265 1603 1396 1661 Cary·

60 1657 236 1712 stumque
262 1659 379 1711 capi?
437 1657 534 1710 quid
574 1660 628 1696 ita
660 1669 719 1695 tot
753 1655 960 1709 Tlteffaliae
996 1657 1143 1698 urbes?
1198 1661 1296 1714 quid
1338 1664 1396 1702 ita

68 1715 268 1760 Locridem
302 1713 610 1767 Phocidemque?
650 1713 745 1766 quid
766 1717 821 1753 ita
848 1728 950 1753 nunc
972 1712 1136 1756 Elatiam
1165 1721 1399 1774 oppugnari

67 1774 265 1827 patitur?
311 1785 382 1811 cur
414 1770 566 1825 excessit
581 1771 766 1825 faucibus
797 1770 921 1824 Epiri
952 1771 1199 1828 claustrisque
1230 1775 1308 1816 illis
1342 1778 1402 1816 in.

69 1828 390 1885 expugnabilibus
415 1830 544 1885 steper
575 1831 699 1868 Aoum
728 1842 892 1877 amnem,
950 1843 1016 1869 aut
1061 1833 1127 1882 vi,
1186 1846 1252 1873 aut
1281 1846 1399 1886 metu,

68 1885 386 1937 autlvoluntate,
436 1886 669 1939 relictoque,
720 1899 827 1939 quem
856 1885 1063 1937 insidebat,
1099 1888 1234 1942 saltu,
1287 1895 1400 1944 peni.

69 1955 132 1985 tus
161 1945 203 1982 in
245 1957 405 1999 regnum
429 1943 558 1984 abiit?
610 1942 653 1981 Si
675 1943 751 1997 sua
775 1942 972 1984 voluntate
995 1958 1058 1984 tot
1079 1949 1204 1998 socios
1233 1947 1399 2003 reliquit

67 1997 232 2051 hostibus
262 1999 534 2056 diripiendos,
584 1999 683 2054 quid
714 2001 888 2054 recusare
919 2000 1064 2054 potest,
1111 2007 1206 2057 quin
1240 2019 1277 2044 et
1297 2006 1401 2060 socii

63 2057 137 2107 fibi
155 2057 383 2112 consulant?
413 2057 449 2107 si
478 2070 603 2104 metu,
648 2057 757 2098 nobis
787 2071 937 2112 quoque
968 2059 1138 2115 ignoscat
1168 2063 1402 2105 timentibus.

62 2114 99 2163 fi
129 2115 253 2155 victus
283 2119 396 2156 armis
427 2114 553 2170 cessit,
602 2113 748 2154 Achaei
778 2128 886 2154 arma
927 2115 1094 2170 Romana
1114 2117 1403 2172 sustinebimus,

74 2171 300 2212 Cleomedon
318 2201 329 2220 ,
369 2186 462 2227 quae
491 2187 557 2212 vos
585 2172 814 2212 Macedones
842 2186 918 2213 non
934 2174 1206 2227 sustinuistis?
1245 2180 1307 2217 An
1331 2179 1404 2219 tibi

68 2232 201 2282 potius
229 2229 445 2279 credamus,
486 2228 671 2270 Romanos
702 2244 779 2270 non
812 2231 1020 2286 majoribus
1053 2236 1177 2286 copiis
1203 2249 1270 2274 nec
1301 2239 1403 2276 viri-

9 2318 14 2322 .
70 2285 138 2326 bus
176 2299 280 2327 nunc
319 2287 452 2328 bellum
484 2302 646 2342 gerere,
708 2302 816 2340 quam
853 2302 965 2327 antea
1000 2290 1208 2344 gefferint‚
1268 2295 1406 2345 potius

71 2354 186 2396 quam
224 2358 286 2384 res
323 2346 422 2400 ipsas
460 2346 715 2385 intueamur?
774 2345 932 2386 Aetolos
979 2358 1063 2386 tum
1103 2346 1209 2399 claffe
1249 2352 1404 2405 adjuve-

74 2411 195 2439 runt:
236 2414 302 2442 nec
330 2403 423 2442 duce
448 2401 661 2456 consulari,
712 2416 777 2442 nec
808 2406 985 2443 exercitu
1015 2403 1152 2446 bellum
1183 2407 1405 2462 gefferunt:

64 2456 259 2515 sociorum
288 2456 469 2513 Philippi
501 2463 719 2501 maritimae
757 2459 870 2502 urbes
899 2464 940 2501 in
971 2475 1130 2504 terrore
1158 2478 1200 2504 ac
1230 2463 1406 2504 tumultu

138 2511 182 2554 T.
205 2513 313 2558 Livii
351 2515 452 2560 Tem.
475 2515 560 2558 III.
928 2518 965 2559 E
1166 2576 1178 2580 ..
1267 2534 1401 2562 erant.-
