1548 2703
105 77 191 125 3342
279 75 312 114 L
335 76 354 113 1
376 74 410 114 B
433 75 470 116 E
490 76 530 115 R
571 76 803 116 XXXVIII.
866 78 936 115 CA
950 74 987 116 1».‘
1005 70 1137 115 XXIII
1156 76 1304 117 XXIV.

432 147 485 184 U.
509 147 552 184 C.
574 148 671 191 563.
839 159 874 183 a.
900 147 942 183 C.
970 146 1020 183 N.
1052 152 1142 198 189.

112 239 182 268 eos
202 224 332 264 castra
351 227 515 268 intrare
537 221 646 263 finit.
682 226 878 277 protinus
900 224 953 263 ad
975 224 1288 279 persequendos
1311 227 1450 267 hostes

112 283 264 323 mittitz
299 293 341 321 et
369 281 455 335 ipse
485 283 608 335 paulo
638 281 753 335 post,
797 280 952 331 tradita
983 283 1450 336 captivorumeustodia

113 340 299 380 tribunis
323 340 517 388 militum,
546 339 754 392 sequitur3
785 339 1041 378 debellatum
1063 352 1190 391 ratus,
1219 341 1248 381 fi
1267 342 1315 380 in
1336 343 1448 381 bello

60 403 63 406 ⁴
99 402 270 453 -pavo're
302 412 425 450 quam
457 398 631 450 plurimi
658 397 762 437 caefi
790 396 954 446 Forent,
993 408 1063 437 aut
1092 400 1214 452 capti.
1273 398 1447 452 Egrefso

102 454 313 504 consule,
354 457 397 495 C.
431 456 601 494 Helvius
633 469 728 493 cum
753 455 883 494 tertio
913 456 1082 509 agmine
1120 456 1305 497 advenit.
1363 471 1450 496 nec

115 514 341 553 continere
362 512 449 553 suos
471 527 494 550 a
517 511 758 565 direptione
778 512 1006 552 castrorum
1027 514 1166 553 valuit.
1205 513 1448 568 praedaque

115 585 284 617 eorum,
318 569 576 622 iniquiffima
595 568 700 609 sorte
714 600 725 619 ,
758 571 828 623 qui
847 585 1013 624 pugnae
1035 585 1127 610 non
1145 570 1447 622 interfuerant,

116 628 225 669 faeta
245 627 315 667 est.
375 627 547 680 Equites
560 626 645 677 diu,
669 628 805 681 ignari
829 638 868 666 et
889 643 1055 682 pugnae
1077 639 1117 668 et
1138 630 1336 669 victoriae
1356 629 1449 668 suo·

115 702 234 735 rum,
265 685 479 724 steterunt.
542 683 701 724 deinde
729 694 769 724 et
787 685 885 738 ipfi,
929 697 1131 739 quantum
1160 688 1275 740 equis
1306 687 1449 727 subire

116 754 337 799 poterant,
373 742 530 796 fparl'os
550 741 646 796 fuga
672 744 815 782 Gallos
847 744 957 782 circa
979 743 1140 783 radices
1170 745 1327 784 montis
1345 758 1457 790 con-7

116 802 258 841 sectati
290 800 503 848 cecidere,
555 811 624 839 aut
652 814 816 855 cepere.
884 802 1097 841 Numerus
1125 802 1450 842 interfectorum

116 860 232 900 haud
251 858 374 905 facile
403 858 505 898 iniri
527 858 683 911 potuit,
714 860 810 911 quia
829 859 909 898 late
932 860 1045 898 inter
1064 874 1212 899 omnes
1232 859 1448 900 anfractus

98 918 327 957 ,montium
356 915 535 968 fugaque
557 926 598 954 et
618 915 766 955 caedes
789 914 886 955 Fuit:
927 928 967 955 et
985 931 1137 971 magna
1156 931 1252 971 pars
1273 919 1469 972 rupibus,

117 976 246 1015 inviis
266 976 315 1013 in
338 973 578 1027 profundae
596 973 828 1013 altitudinis
840 975 1051 1014 convalles
1071 974 1235 1028 delapsa
1257 974 1326 1024 est,
1349 987 1448 1028 pars

119 1034 166 1072 in
186 1031 294 1071 silvis
327 1032 604 1084 vepribusque
635 1030 776 1073 occisa.
836 1031 1054 1081 Claudius,
1098 1034 1169 1084 qui
1196 1033 1258 1071 bis
1288 1045 1448 1086 pugna-

119 1101 208 1130 tum
237 1091 285 1128 in
318 1090 500 1141 Olympo
530 1099 677 1127 monte
711 1088 876 1138 scribit,
921 1089 976 1128 ad
1005 1089 1283 1143 quadraginta
1311 1090 1448 1129 mil-lia

119 1146 345 1188 hominum
369 1146 507 1196 caesa,
543 1157 686 1185 auctor
707 1145 789 1187 estt
818 1147 1196 1197 Valerius-Antias,
1226 1147 1296 1201 qui
1318 1148 1449 1201 magis

119 1205 371 1246 immodicus
391 1206 439 1244 in
461 1218 641 1246 numero
662 1203 853 1258 augendo
879 1204 961 1244 esse
988 1205 1110 1254 solet,
1139 1219 1232 1245 non
1260 1207 1353 1259 plus
1376 1205 1448 1245 de·
1496 1210 1498 1213 ’

121 1278 214 1304 cem
245 1263 390 1303 millia.
460 1263 671 1301 Numerus
712 1264 969 1315 captivorum
1000 1262 1113 1302 haud
1153 1263 1279 1302 dubie
1314 1255 1448 1303 millia

121 1320 401 1374 quadraginta
424 1320 629 1372 exple-vit,
661 1320 756 1373 quia
777 1321 913 1360 omnis
934 1321 1100 1373 generis
1117 1321 1341 1374 aetatisque
1364 1332 1456 1359 tur..

121 1380 221 1421 bam
251 1377 390 1417 secum
423 1388 660 1425 traxerant,
703 1376 1027 1431 demigrantium
1056 1379 1210 1432 magis,
1245 1393 1369 1431 quam
1397 1379 1448 1418 in.

123 1437 282 1475 bellum
305 1436 520 1483 euntium,
552 1434 691 1474 modo.
752 1436 919 1483 Consul,
949 1436 1082 1487 armis,
1093 1435 1270 1475 hostium
1290 1437 1340 1476 in
1358 1431 1448 1475 uno

123 1494 401 1533 concrematis
426 1493 617 1540 cumulo,
646 1503 825 1532 ceteram
854 1493 1055 1547 praedam
1080 1491 1276 1535 conFerre
1296 1507 1448 1533 omnes

121 1550 252 1606 jussit:
291 1562 331 1590 et
361 1561 430 1589 aut
458 1550 671 1598 vendidit,
705 1550 815 1603 quod
845 1553 929 1602 ejus
950 1553 998 1591 in
1015 1552 1226 1605 publicum
1254 1551 1449 1606 redigen-

124 1609 226 1649 dum
251 1619 364 1657 erat3
393 1619 461 1646 aut
482 1622 580 1648 cum
601 1621 721 1657 cura,
754 1620 795 1647 ut
819 1623 941 1661 quam
965 1608 1203 1662 aequissima
1225 1609 1339 1657 esset,
1366 1622 1447 1663 per

123 1667 279 1706 milites
318 1665 463 1705 divisit.
532 1665 703 1705 Laudati
741 1681 904 1720 quoque
943 1682 1018 1720 pro
1056 1668 1266 1706 concione
1296 1680 1447 1707 omnes

122 1724 243 1774 sunt,
275 1723 503 1776 donatique
532 1739 609 1777 pro
640 1725 788 1763 merito
815 1725 1010 1777 quisque:
1045 1736 1142 1763 ante
1164 1739 1311 1765 omnes
1331 1724 1448 1764 Atta-

122 1783 209 1831 lus,
247 1781 407 1830 summo
427 1791 660 1820 ceterorum
683 1781 855 1822 assensu.
902 1796 1005 1820 nam
1033 1781 1248 1836 fingularis
1278 1785 1362 1836 ejus
1388 1783 1447 1836 ju-

123 1841 245 1879 venis
267 1853 363 1878 cum
385 1839 513 1878 virtus
536 1849 575 1877 et
595 1838 798 1879 industria
820 1842 868 1879 in
887 1841 1084 1882 omnibus
1105 1842 1314 1881 laboribus
1336 1840 1447 1896 peri-

125 1898 332 1952 culisque,
363 1907 451 1936 tum
481 1895 679 1936 modestia
707 1900 830 1939 etiam
851 1896 1001 1938 fuerat.
1364 1908 1367 1910 ’

238 2012 388 2052 XXIV.
449 2013 670 2067 Supererat
682 2014 837 2053 bellum
859 2014 1070 2070 integrum
1090 2030 1185 2056 cum
1198 2012 1445 2067 Tectosagis.

125 2068 194 2110 Ad
214 2083 283 2108 eos
302 2068 511 2122 prol³ectus
531 2070 672 2109 consul
687 2101 698 2120 ,
730 2073 861 2110 tertiis
891 2074 1030 2114 castris
1052 2073 1295 2126 Ancyram,
1325 2071 1448 2110 nobi-

123 2129 209 2167 ]em
231 2128 279 2166 in
310 2128 393 2166 illis
423 2128 523 2168 locis
547 2131 715 2176 urbem,
755 2133 974 2183 pervenit,
1009 2131 1125 2171 unde
1153 2131 1286 2171 hostes
1320 2128 1446 2183 paulo

123 2186 218 2238 plus
241 2183 386 2223 decem
407 2187 539 2224 millia
560 2189 748 2226 aberant.
806 2188 890 2228 Uni
917 2204 1012 2228 cum
1035 2190 1172 2229 stativa
1199 2188 1355 2235 essent,
1390 2184 1449 2224 fa-

124 2244 245 2281 cinus
266 2245 538 2282 memorabile
561 2258 583 2281 a
605 2245 766 2298 captiva
787 2244 942 2284 sactum
974 2247 1042 2286 est.
1104 2246 1356 2300 Ortiagontis
1383 2257 1448 2283 re-

123 2300 208 2353 guli
229 2314 334 2338 uxor
361 2299 496 2338 forma
519 2302 674 2340 eximia
691 2302 995 2343 custodiebatur
1016 2306 1128 2344 inter
1157 2306 1296 2357 plures
1320 2302 1450 2355 capti-

123 2371 212 2406 vos,
244 2358 307 2395 eui
330 2357 538 2398 custodiae
559 2362 749 2410 centurio
770 2374 970 2412 praeerat,
994 2374 1033 2401 et
1052 2362 1239 2402 libidinis
1260 2372 1302 2399 et
1320 2359 1452 2399 avari-

121 2416 201 2453 tiae
231 2415 435 2455 militaris.
500 2417 540 2456 Is
577 2417 715 2470 primo
745 2419 829 2471 ejus
860 2421 1049 2460 animum
1076 2422 1263 2460 tentavit.
1323 2430 1451 2471 quem

121 2486 217 2514 cum
242 2473 544 2515 abhorrentem
564 2489 589 2514 a
618 2476 854 2517 voluntario
882 2477 1049 2520 videret·
1073 2479 1241 2533 stuprO,
1271 2473 1454 2570 corpori}

1338 2546 1419 2587 quo
