1548 2703
131 33 216 83 566
330 56 352 81 .'
446 31 651 81 LIBER
691 33 815 72 XLII.
875 33 989 72 Cn».
1030 30 1191 73 LXVII.

154 104 158 107 ’
251 103 317 108 ”
394 103 445 141 U.
464 100 520 141 C.
552 105 647 148 581.
908 116 944 140 a.
976 103 1020 141 C.
1051 103 1104 141 Ν.
1143 114 1231 151 171.

137 183 310 235 Itaque,
327 170 622 239 dimittendum
641 181 779 232 Cotyn
801 179 855 221 ad
874 180 944 219 sua
964 180 1124 220 tuenda
1141 191 1271 231 ratus,
1295 183 1459 237 magnis

133 225 474 295 proficiscentem
498 237 622 277 donis
651 236 925 303 prosequitur.
975 237 1170 278 ducenta
1183 241 1362 290 talenta,
1399 238 1458 279 se-

135 297 288 338 mestre
309 294 590 350 stipendium,
624 295 822 348 equitatui
846 306 1061 345 numerat,
1093 310 1188 335 eum
1219 298 1357 351 primo
1383 310 1459 336 an-

135 365 270 395 nuum
300 354 399 393 daie
422 351 708 392 constituisset.
768 351 944 402 Consul,
974 352 1192 407 postquam
1222 353 1458 408 profectum

136 410 481 462 Perseaaudivit,
519 409 572 448 ad
595 411 803 448 Gonnum
831 409 961 448 castra
982 421 1143 460 movet,
1182 410 1211 450 fi
1238 411 1363 464 potiri
1387 426 1458 466 op-

135 469 234 524 pido
256 468 402 522 posset.
444 466 560 507 Ante
580 466 667 520 ipsa
687 468 850 521 Tempe
869 468 917 506 in
938 466 1124 508 faucibus
1146 467 1288 517 situm,
1325 469 1458 508 Mace·

135 526 289 569 doniae
303 525 478 565 claustra
493 524 690 575 tutislima
709 527 894 578 praebet,
916 535 957 563 et
971 526 1019 564 in
1031 524 1286 564 Thessaliam
1307 539 1459 580 oppor-

134 595 279 627 tunum
303 582 606 622 Macedonibus
627 581 859 621 decursum.
901 584 1003 620 Cum
1023 593 1063 621 et
1082 583 1174 622 loco
1194 595 1234 622 et
1252 581 1459 637 praesidio

134 641 274 685 valido
295 641 638 694 inexpugnabilis
657 654 723 678 res
743 638 854 688 esset,
887 639 1038 678 abstitit
1057 641 1241 694 incepto.
1290 641 1344 679 In
1365 640 1458 680 Per-

133 699 349 746 thaebiam
373 699 488 737 flexis
508 698 756 746 itineribus,
798 691 974 736 Malloea
996 698 1134 750 primo
1154 699 1314 752 impetu
1337 707 1460 751 capta.

134 771 183 797 ac
202 756 379 810 direpta,
405 755 568 809 Tripoli
590 757 751 808 aliaque
774 755 1021 793 Perrhaebia
1041 765 1231 808 recepta,
1257 753 1460 796 Larissam

134 813 275 859 rediit.
314 813 418 853 inde
437 813 629 855 Eumene
651 824 773 865 atquc
794 812 934 851 Attalo
957 811 1132 851 domum
1152 811 1353 861 remissis,
1382 811 1460 852 Mi·

132 870 329 925 sagenem
351 869 640 924 Numidasque
658 871 706 909 in
729 870 912 908 hiberna
931 871 978 908 in
999 871 1203 923 proximis
1223 869 1457 908 Theisaliae

133 931 306 968 urbibus
323 929 541 967 distribuit.
565 938 603 966 et
623 938 785 980 partem
799 927 1004 965 exercitus
1020 928 1075 965 ita
1094 941 1171 980 per
1192 938 1318 966 totam
1330 925 1458 966 Thes-

132 986 275 1025 saliam
299 984 453 1033 divisit,
492 996 537 1023 ut
558 995 598 1024 et
618 984 800 1022 hiberna
823 983 1044 1022 commoda
1064 998 1212 1023 omnes
1234 985 1457 1032 haberent,

134 1056 174 1082 et
192 1043 398 1097 praefidio
415 1043 585 1081 urbibus
605 1041 752 1084 essent..
773 1042 852 1092 Q.l
840 1042 1055 1080 Mucium
1045 1053 1224 1095 iegatum
1243 1056 1338 1080 cum
1360 1040 1459 1079 duo-

137 1104 209 1146 bus
233 1102 414 1140 millibus
438 1099 491 1138 ad
512 1098 792 1139 obtinendam
813 1098 1082 1153 Ambraciam
1107 1099 1226 1137 milit.
1276 1096 1460 1138 Graeca·

133 1174 229 1198 rum
244 1159 457 1198 civitatum
473 1157 600 1197 socios
616 1170 762 1195 omnes
782 1167 949 1209 praeter
961 1155 1150 1196 Achaeos
1169 1155 1334 1196 dimisit.
1361 1169 1459 1195 cum

134 1218 339 1258 exercitus
362 1226 480 1269 parte
501 1213 710 1268 profectus
732 1215 777 1252 in
790 1213 996 1267 Achajam
1012 1214 1251 1262 Phthiotim‚
1274 1214 1458 1262 Pteleum

134 1274 345 1314 desertum
367 1273 462 1326 fuga
486 1271 796 1326 oppidanorum
817 1271 951 1310 diruit
971 1285 994 1310 a
1016 1269 1330 1319 fundamentis,
1368 1269 1458 1310 An·

133 1344 258 1372 trona
278 1333 492 1377 voluntate
513 1331 741 1369 colentium
764 1330 935 1382 recepit.
986 1327 1058 1368 Ad
1081 1328 1280 1368 Larissam
1299 1327 1458 1367 deinde
1491 1362 1495 1368 ,

134 1391 364 1436 exercitum
393 1387 589 1427 admovit.
621 1389 720 1426 urbs
741 1385 900 1425 deserta
924 1397 1033 1434 erat;
1070 1387 1118 1425 in
1147 1399 1290 1426 arcem
1316 1386 1457 1424 omnis

134 1446 356 1489 multitudo
376 1443 658 1484 concesserat:
683 1459 774 1482 eam
789 1457 1034 1497 oppugnare
1048 1443 1296 1497 aggreditur.
1330 1442 1458 1482 Primi

134 1506 327 1551 omniurn
348 1503 625 1552 Jisiaeedones,
655 1503 814 1555 regium
838 1500 1109 1554 praesidium,
1139 1498 1260 1540 metu
1281 1499 1458 1539 excesse-

133 1573 245 1602 rant.
279 1576 301 1599 a
321 1562 468 1615 quibus
490 1560 622 1599 relicti
651 1559 856 1612 oppidani
881 1560 928 1597 in
960 1557 1220 1598 deditionem
1247 1559 1459 1611 extemplo

134 1621 326 1661 veniunt.
374 1617 576 1657 Dubitari
597 1615 722 1664 inde,
753 1629 894 1654 utrum
920 1616 1160 1654 Demetrias
1182 1617 1297 1669 prius
1320 1629 1459 1669 aggre-

135 1677 295 1724 dienda
315 1675 445 1724 soret,
477 1690 534 1714 an
556 1676 604 1714 in
625 1675 793 1713 Boeotia
818 1672 1080 1727 aspiciendae
1103 1687 1184 1716 res.
1214 1696 1219 1717 :
1245 1673 1458 1721 Thebani,

135 1735 384 1776 vexantibus
408 1747 475 1772 eos
500 1733 748 1780 Coronaeis,
788 1733 836 1770 in
856 1732 1068 1772 Boeotiam
1092 1729 1365 1776 arcessebant.
1404 1729 1460 1769 ad
1501 1761 1504 1764 .

135 1793 213 1833 hor
217 1807 286 1831 um
307 1804 466 1845 preces,
497 1791 593 1843 quia
612 1790 804 1828 hibernis
826 1790 960 1843 aptior
981 1789 1108 1843 regio,
1140 1802 1265 1843 quam
1286 1790 1457 1843 Magne-

134 1850 190 1896 sia
211 1860 322 1899 erat,
352 1850 402 1888 in
422 1849 635 1887 Boeotiam
657 1847 786 1887 duxit.

434 2091 744 2133 EPITOME
787 2092 975 2131 LIBRI
1016 2091 1164 2131 XLIII.
1206 2081 1210 2083 ’

140 2151 403 2249 Praetores
435 2209 607 2260 aliquot,
646 2223 687 2248 eo
718 2207 821 2262 quod
844 2221 956 2247 avare
988 2219 1026 2247 et
1054 2204 1268 2246 crudeliter
1295 2206 1459 2258 ‘provin-

137 2272 218 2308 cias
247 2266 589 2321 ‹td-ninistraffcnt,
648 2266 813 2305 damnati
839 2266 945 2318 sunt.
1007 2263 1052 2304 P.
1090 2263 1265 2318 Licinius
1301 2261 1477 2315 Craffus'

136 2324 346 2379 proeonfitl
366 2325 580 2378 complures
609 2327 648 2363 in
674 2323 836 2363 Graecia
864 2322 978 2362 urbes
1011 2323 1274 2378 expugnavit,
1307 2332 1346 2359 et
1370 2332 1460 2359 cru·

139 2382 281 2422 aeliter
316 2382 504 2434 diripuit.
544 2380 588 2421 ob
623 2381 666 2422 id
694 2383 864 2435 captivi,
898 2383 966 2434 qui
991 2379 1037 2420 ab
1064 2393 1106 2418 eo
1125 2377 1207 2433 fieb
1224 2390 1369 2418 corona
1397 2390 1459 2417 ve-

140 2444 320 2493 niu-ant,
359 2456 408 2481 vx
430 2439 758 2497 senatusconsulto
790 2437 916 2498 postea
954 2436 1128 2491 restituti
1151 2436 1260 2492 fimt-
1318 2435 1415 2476 Item
1437 2448 1460 2475 a

1346 2506 1458 2547 prae-
