1548 2703
120 45 175 86 72
297 35 505 76 L1BER
545 39 723 81 xxxu..
779 27 1060 85 cnjxxvt.
1082 18 1253 87 xxvii.
1424 83 1426 85 ,
1463 84 1466 87 ,

249 139 263 142 ..
347 140 353 141 t
407 108 458 146 U.
483 108 526 146 C.
549 111 647 159 554.
861 127 895 151 a.
919 115 962 152 C.
989 114 1043 152 N.
1074 112 1165 167 198ss
1455 135 1461 153 ι

1198 171 1459 183 *—

121 187 209 225 lam
231 198 470 240 praetorem
484 189 605 229 ‘urbis
629 190 809 230 delatum
833 191 901 231 est.
961 192 1078 233 Servi
1097 192 1179 234 duo
1199 206 1298 236 ante
1318 195 1458 235 lucem
1515 209 1517 212 ’

120 242 174 282 ad
196 258 290 283 eum
314 255 527 284 venerunt
543 276 554 296 ‚
587 258 709 301 atque
728 249 883 289 ordine
904 252 1068 301 omnia,
1100 266 1204 306 quae
1228 263 1318 292 acta
1349 251 1458 292 futu-

121 315 253 354 raque
275 313 413 352 erant,
440 303 736 358 exposuerunt.
800 308 960 358 Quibus
981 307 1096 348 domi
1117 308 1315 350 custodiri
1332 307 1458 364 jussis,

122 371 307 414 praetor,
325 359 472 400 senatu
492 373 636 402 vocato
657 363 899 418 edoctoque‚
925 380 1030 420 quae
1049 367 1212 407 indices
1231 365 1459 417 afferrent,

121 416 326 471 proficisci
349 417 401 458 ad
426 433 518 457 eam
548 422 885 474 conjurationem
917 425 1205 477 quaerendam
1234 435 1359 478 atque
1387 437 1460 479 op·

121 474 393 533 primendam
420 476 569 529 jussus,
609 493 705 519 cum
736 481 924 534 quinque
954 483 1094 536 legatis
1123 481 1360 537 prOFectus‚
1390 481 1464 520 ob'-

122 531 208 571 vios
230 532 277 572 in.
297 534 404 588 agris
422 533 684 576 sacramento
708 549 868 592 rogatos
892 553 1006 578 arma
1028 552 1177 593 capere
1197 551 1239 578 et
1259 539 1371 593 [equi
1394 551 1462 578 co·

121 591 253 643 gebat.
317 593 406 632 Hoc
427 594 700 636 tumultuario
734 595 897 634 delectu
928 596 1088 636 duobus
1119 598 1307 637 millibus
1326 592 1466 635 ferme

123 647 349 689 hominum
370 652 550 700 armatis,
574 652 739 703 Setiam,
771 654 981 703 omnibus,
1011 669 1091 708 quo
1111 663 1322 710 pergeret,
1346 646 1469 706 ignass

123 705 206 754 ris,
230 708 363 746 venit.
404 708 462 746 ibi
484 711 636 763 raptim
662 712 924 764 principibus
943 711 1251 765 conjurationis
1273 722 1467 764 compre?

121 761 288 813 henfis,
319 763 415 819 fuga
438 764 651 807 servorum
673 783 725 807 ex
745 768 901 822 oppido
924 769 1031 809 facta
1052 769 1121 809 eft.
1164 767 1319 808 dimiffi
1343 767 1465 807 dein-

126 819 180 860 de
209 835 287 875 per
317 836 457 876 agros,
500 825 572 877 qui
598 826 862 879 vestigarent.
919 819 1103 881 Egregia
1124 826 1305 865 duorum
1333 836 1466 879 opera

126 877 341 918 servorum
360 880 553 921 indicum
572 893 613 921 et
634 885 759 922 unius
781 885 905 923 liberi
926 884 1016 924 fuit.
1058 885 1111 924 Ei
1133 895 1310 923 centum
1330 881 1466 921 millia

125 936 261 989 gravis
292 939 399 977 aeris
431 938 522 978 dari
553 941 691 979 Patres
722 941 948 992 jusserunt:
991 942 1120 981 servis
1151 942 1304 980 vicena
1334 939 1466 993 quina

127 994 260 1033 millia
295 996 424 1044 aeris,
466 1007 506 1034 et
535 998 786 1038 libertatem.
825 1000 1007 1052 pretium
1038 1014 1186 1040 eorum
1222 1013 1276 1038 ex
1302 996 1467 1036 aerario

127 1049 304 1090 solutum
329 1052 386 1091 est
409 1053 606 1094 dominis.
670 1055 793 1094 Haud
814 1056 869 1094 ita
891 1058 1023 1095 multo
1045 1055 1157 1111 post,
1195 1069 1248 1095 ex
1279 1052 1469 1108 ejusdem

128 1110 432 1162 conjurationis
452 1112 653 1165 reliquiis,
688 1113 932 1152 nuntiatum
960 1113 1032 1162 est,
1058 1113 1225 1152 servitia
1244 1109 1469 1151 Praeneste

130 1178 390 1221 occupatura.
463 1168 525 1208 Eo
565 1171 610 1208 L.
644 1171 865 1209 Cornelius
905 1183 1078 1223 praetor
1117 1168 1356 1224 prostans,
1415 1165 1470 1206 de

129 1226 375 1279 quingentis
398 1224 488 1265 fere
507 1226 777 1276 hominibus,
810 1229 879 1280 qui
913 1230 961 1266 in
991 1243 1040 1267 ea
1059 1242 1172 1267 noxa
1195 1237 1361 1275 erant,
1379 1224 1471 1279 sup·

128 1283 304 1336 plicium
324 1282 474 1330 [umfit.
515 1285 561 1323 in
587 1285 737 1323 timore
771 1286 914 1324 civitas
945 1284 1046 1334 fuit,
1079 1283 1242 1324 obfides
1269 1283 1474 1336 captivos,-

129 1354 213 1393 que,
232 1340 470 1379 Poenorum
492 1357 540 1382 ea
562 1343 712 1382 moliri.
772 1343 917 1395 Itaque
941 1353 980 1381 et
1010 1344 1175 1381 Rornae
1199 1341 1363 1395 vigiliae
1391 1352 1472 1394 per

130 1397 472 1448 vicos-servatam
499 1398 672 1452 jussique
693 1399 916 1438 circumire
949 1413 1016 1439 eas
1047 1400 1237 1439 minores
1261 1395 1472 1451 magistra·

131 1455 217 1508 tus:
254 1467 295 1494 et
317 1457 529 1506 triumviri
557 1458 738 1496 carceris
764 1458 1057 1496 lautumiarum
1094 1456 1375 1497 intentiorem
1404 1467 1474 1506 ας·
1504 1494 1512 1501 „

132 1510 306 1552 stodiam
330 1507 622 1567 habere'juffi:
654 1525 694 1553 et
713 1515 824 1554 cirea
835 1529 998 1553 nornen
1019 1515 1217 1553 Latinum
1233 1527 1257 1550 a
1277 1522 1473 1565 praetore

132 1571 280 1611 literae
301 1569 465 1620 missae,
496 1582 542 1610 ut
567 1583 608 1611 et
627 1571 788 1610 obfides
813 1574 859 1610 in
883 1574 1044 1625 privato
1068 1571 1359 1618 servarentur,
1398 1581 1474 1608 ne-

135 1630 286 1681 quein
313 1630 530 1682 publicum
557 1629 802 1684 prodeundi
821 1629 993 1669 facultas
1015 1629 1212 1676 daretur-3
1253 1638 1293 1666 et
1322 1625 1476 1679 captivi

133 1699 192 1726 ne
214 1687 357 1727 minus
378 1685 524 1726 decem
553 1685 699 1742 pondo
720 1687 994 1739 compedibus
1018 1688 1149 1725 vincti
1170 1687 1220 1725 in
1238 1685 1359 1724 nulla
1379 1683 1474 1735 alia,

135 1757 262 1798 quam
278 1744 327 1789 in
346 1745 524 1785 carceris
547 1745 727 1799 publici,
760 1743 943 1784 custodia
966 1743 1113 1785 essent.

149 1909 151 1911 Ι
233 1858 419 1899 ‘XXVIL
468 1857 632 1899 Eodem
655 1872 772 1898 anno
792 1857 917 1911 legati
938 1859 988 1897 ab
1000 1872 1097 1912 rege
1107 1856 1248 1897 Attalo
1269 1869 1474 1896 coronam

133 1929 305 1956 auream
345 1914 576 1956 ducentum
608 1916 885 1970 quadraginta
915 1915 986 1955 sex
1013 1915 1158 1970 pondo
1187 1916 1236 1954 in
1269 1915 1474 1968 Capitolio

131 1972 389 2028 posuerunt,
423 1973 654 2027 gratiasque
680 1973 841 2014 senatui
863 1985 1053 2025 egerunt,
1086 1972 1198 2027 quod
1221 1971 1474 2020 Antiochus,

133 2030 366 2085 legatorum
386 2032 682 2071 Romanorum
711 2031 954 2070 auctoritate
977 2034 1136 2079 motus,
1172 2030 1325 2069 finibus
1347 2028 1477 2070 Attali

137 2089 371 2129 exercitum
404 2086 652 2127 deduxisset.
722 2087 884 2128 Eadem
916 2088 1066 2126 aestate
1099 2089 1257 2141 equites
1287 2086 1476 2136 ducenti,

132 2156 175 2185 et
205 2146 427 2200 elephanti
452 2146 626 2195 decem,
666 2156 707 2185 et
735 2146 863 2185 tritici
896 2146 1085 2185 modium
1117 2143 1302 2184 ducenta
1330 2145 1476 2193 millia,

134 2204 189 2255 al)
226 2217 325 2258 rege
355 2202 571 2245 Masmirsa
603 2202 655 2245 ad
685 2205 940 2251 exercitum,
990 2205 1062 2256 qui
1091 2204 1140 2242 in
1168 2202 1350 2242 Graecia
1376 2194 1476 2250 erat,

131 2272 443 2314 pervenerunt.
503 2263 608 2302 Item
641 2275 694 2300 ex
723 2261 862 2301 Sicilia
891 2260 1168 2313 Sardiniaque
1199 2259 1342 2312 magni
1367 2273 1479 2298 com·
1533 2285 1535 2287 ·

132 2329 295 2358 meatus
322 2329 364 2358 et
385 2318 638 2359 vestimenta
657 2319 860 2361 exercitui
887 2317 1020 2357 missa.
1081 2317 1265 2358 Siciliam
1291 2317 1344 2356 M.
1367 2319 1478 2357 Mar-

131 2376 293 2425 cellus,
322 2376 567 2417 Sardiniam
593 2377 651 2417 Μ.
675 2377 840 2416 Porcius
860 2378 959 2416 Cato
981 2377 1221 2423 obtinebat3
1249 2373 1415 2415 [anctus
1431 2384 1481 2415 et

131 2435 364 2484 innocens,
394 2434 581 2489 asperior
609 2445 754 2476 tamen
778 2434 827 2476 in
847 2430 1282 2476 foenore'coercendo
1304 2432 1481 2474 habitus.

1396 2520 1398 2524 Α
1408 2490 1486 2531 Fu.
