<?xml version="1.0" encoding="UTF-8"?>
<!DOCTYPE html PUBLIC "-//W3C//DTD XHTML 1.0 Transitional//EN"
    "http://www.w3.org/TR/xhtml1/DTD/xhtml1-transitional.dtd">
<html xmlns="http://www.w3.org/1999/xhtml" xml:lang="en" lang="en">
 <head>
  <title>
</title>
<meta http-equiv="Content-Type" content="text/html;charset=utf-8" />
  <meta name='ocr-system' content='tesseract 3.04.00' />
  <meta name='ocr-capabilities' content='ocr_page ocr_carea ocr_par ocr_line ocrx_word'/>
</head>
<body>
  <div class='ocr_page' id='page_1' title='image "./historiarumlib03livyuoft_0074.png"; bbox 0 0 1548 2703; ppageno 0'>
   <div class='ocr_carea' id='block_1_1' title="bbox 148 68 1317 188">
    <p class='ocr_par' dir='ltr' id='par_1_1' title="bbox 148 68 1317 188">
     <span class='ocr_line' id='line_1_1' title="bbox 148 68 1317 111; baseline -0.002 0"><span class='ocrx_word' id='word_1_1' title='bbox 148 70 204 111; x_wconf 74' lang='grc'>68</span> <span class='ocrx_word' id='word_1_2' title='bbox 321 71 353 107; x_wconf 88' lang='lat' dir='ltr'>L</span> <span class='ocrx_word' id='word_1_3' title='bbox 383 70 402 106; x_wconf 92' lang='lat' dir='ltr'>I</span> <span class='ocrx_word' id='word_1_4' title='bbox 431 69 466 105; x_wconf 90' lang='lat' dir='ltr'>B</span> <span class='ocrx_word' id='word_1_5' title='bbox 495 68 532 108; x_wconf 84' lang='lat' dir='ltr'>E</span> <span class='ocrx_word' id='word_1_6' title='bbox 560 70 601 107; x_wconf 79' lang='lat' dir='ltr'>R</span> <span class='ocrx_word' id='word_1_7' title='bbox 641 69 807 107; x_wconf 82' lang='lat' dir='ltr'><strong>XXXII.</strong></span> <span class='ocrx_word' id='word_1_8' title='bbox 867 71 981 108; x_wconf 71' lang='lat' dir='ltr'><strong>CAP.</strong></span> <span class='ocrx_word' id='word_1_9' title='bbox 1011 70 1140 109; x_wconf 78' lang='lat' dir='ltr'><strong>XXII.</strong></span> <span class='ocrx_word' id='word_1_10' title='bbox 1165 71 1317 109; x_wconf 53' lang='lat' dir='ltr'><strong>XXIII«.</strong></span> 
     </span>
     <span class='ocr_line' id='line_1_2' title="bbox 442 139 1186 188; baseline 0.003 -13"><span class='ocrx_word' id='word_1_11' title='bbox 442 139 495 176; x_wconf 91' lang='lat' dir='ltr'>U.</span> <span class='ocrx_word' id='word_1_12' title='bbox 518 139 561 176; x_wconf 89' lang='lat' dir='ltr'>C.</span> <span class='ocrx_word' id='word_1_13' title='bbox 585 141 685 188; x_wconf 84' lang='lat'>554.</span> <span class='ocrx_word' id='word_1_14' title='bbox 887 152 922 176; x_wconf 89' lang='lat' dir='ltr'>a.</span> <span class='ocrx_word' id='word_1_15' title='bbox 944 140 988 177; x_wconf 89' lang='lat' dir='ltr'>C.</span> <span class='ocrx_word' id='word_1_16' title='bbox 1011 139 1064 177; x_wconf 93' lang='lat' dir='ltr'>N.</span> <span class='ocrx_word' id='word_1_17' title='bbox 1096 145 1186 188; x_wconf 71' lang='lat'>198·</span> 
     </span>
    </p>
   </div>
   <div class='ocr_carea' id='block_1_2' title="bbox 149 192 1483 272">
    <p class='ocr_par' dir='ltr' id='par_1_2' title="bbox 149 192 1483 272">
     <span class='ocr_line' id='line_1_3' title="bbox 1084 192 1481 208; baseline 0.003 -1"><span class='ocrx_word' id='word_1_18' title='bbox 1084 192 1481 208; x_wconf 40' lang='grc' dir='ltr'>-ῃ</span> 
     </span>
     <span class='ocr_line' id='line_1_4' title="bbox 149 216 1483 272; baseline 0.001 -14"><span class='ocrx_word' id='word_1_19' title='bbox 149 230 223 258; x_wconf 82' lang='lat' dir='ltr'>aut</span> <span class='ocrx_word' id='word_1_20' title='bbox 252 216 418 257; x_wconf 85' lang='lat' dir='ltr'>referre</span> <span class='ocrx_word' id='word_1_21' title='bbox 447 216 774 270; x_wconf 78' lang='lat' dir='ltr'>magistratibus,</span> <span class='ocrx_word' id='word_1_22' title='bbox 832 228 902 256; x_wconf 84' lang='lat' dir='ltr'>aut</span> <span class='ocrx_word' id='word_1_23' title='bbox 931 217 1167 258; x_wconf 82' lang='lat' dir='ltr'>decernere</span> <span class='ocrx_word' id='word_1_24' title='bbox 1208 220 1390 259; x_wconf 87' lang='lat' dir='ltr'>concilio</span> <span class='ocrx_word' id='word_1_25' title='bbox 1417 221 1483 272; x_wconf 77' lang='lat' dir='ltr'>jus</span> 
     </span>
    </p>
   </div>
   <div class='ocr_carea' id='block_1_3' title="bbox 137 273 1495 1939">
    <p class='ocr_par' dir='ltr' id='par_1_3' title="bbox 137 273 1495 1939">
     <span class='ocr_line' id='line_1_5' title="bbox 148 273 1495 331; baseline 0.001 -16"><span class='ocrx_word' id='word_1_26' title='bbox 148 275 262 316; x_wconf 78' lang='lat' dir='ltr'>esset.</span> <span class='ocrx_word' id='word_1_27' title='bbox 314 275 396 314; x_wconf 84' lang='lat' dir='ltr'>Hic</span> <span class='ocrx_word' id='word_1_28' title='bbox 419 288 583 328; x_wconf 85' lang='lat' dir='ltr'>quoque</span> <span class='ocrx_word' id='word_1_29' title='bbox 605 273 694 314; x_wconf 88' lang='lat' dir='ltr'>dies</span> <span class='ocrx_word' id='word_1_30' title='bbox 713 275 855 328; x_wconf 82' lang='lat' dir='ltr'>jurgiis</span> <span class='ocrx_word' id='word_1_31' title='bbox 879 274 936 314; x_wconf 83' lang='lat' dir='ltr'>est</span> <span class='ocrx_word' id='word_1_32' title='bbox 955 274 1206 315; x_wconf 82' lang='lat' dir='ltr'>consumtus.</span> <span class='ocrx_word' id='word_1_33' title='bbox 1256 277 1495 331; x_wconf 63' lang='lat' dir='ltr'>Supererat</span> 
     </span>
     <span class='ocr_line' id='line_1_6' title="bbox 147 330 1482 386; baseline 0.001 -14"><span class='ocrx_word' id='word_1_34' title='bbox 147 345 260 372; x_wconf 84' lang='lat' dir='ltr'>unus</span> <span class='ocrx_word' id='word_1_35' title='bbox 276 331 372 385; x_wconf 68' lang='lat' dir='ltr'>justi</span> <span class='ocrx_word' id='word_1_36' title='bbox 393 332 564 371; x_wconf 86' lang='lat' dir='ltr'>concilii</span> <span class='ocrx_word' id='word_1_37' title='bbox 586 330 695 370; x_wconf 85' lang='lat' dir='ltr'>dies:</span> <span class='ocrx_word' id='word_1_38' title='bbox 727 332 867 381; x_wconf 81' lang='lat' dir='ltr'>(tertio</span> <span class='ocrx_word' id='word_1_39' title='bbox 897 332 1012 371; x_wconf 85' lang='lat' dir='ltr'>enim</span> <span class='ocrx_word' id='word_1_40' title='bbox 1045 334 1114 372; x_wconf 84' lang='lat' dir='ltr'>lex</span> <span class='ocrx_word' id='word_1_41' title='bbox 1144 332 1482 386; x_wconf 81' lang='lat' dir='ltr'>jubebatdecre-</span> 
     </span>
     <span class='ocr_line' id='line_1_7' title="bbox 148 388 1481 445; baseline 0.002 -16"><span class='ocrx_word' id='word_1_42' title='bbox 148 401 239 429; x_wconf 80' lang='lat' dir='ltr'>tum</span> <span class='ocrx_word' id='word_1_43' title='bbox 267 388 380 440; x_wconf 85' lang='lat' dir='ltr'>fieri)</span> <span class='ocrx_word' id='word_1_44' title='bbox 405 390 453 428; x_wconf 88' lang='lat' dir='ltr'>in</span> <span class='ocrx_word' id='word_1_45' title='bbox 474 401 598 443; x_wconf 84' lang='lat' dir='ltr'>quem</span> <span class='ocrx_word' id='word_1_46' title='bbox 629 388 734 428; x_wconf 86' lang='lat' dir='ltr'>adeo</span> <span class='ocrx_word' id='word_1_47' title='bbox 763 389 953 428; x_wconf 79' lang='lat' dir='ltr'>exarsere</span> <span class='ocrx_word' id='word_1_48' title='bbox 983 390 1136 439; x_wconf 82' lang='lat' dir='ltr'>studia,</span> <span class='ocrx_word' id='word_1_49' title='bbox 1168 401 1212 428; x_wconf 90' lang='lat' dir='ltr'>ut</span> <span class='ocrx_word' id='word_1_50' title='bbox 1239 391 1310 430; x_wconf 82' lang='lat' dir='ltr'>vix</span> <span class='ocrx_word' id='word_1_51' title='bbox 1330 405 1481 445; x_wconf 81' lang='lat' dir='ltr'>paren-</span> 
     </span>
     <span class='ocr_line' id='line_1_8' title="bbox 149 446 1481 500; baseline 0 -13"><span class='ocrx_word' id='word_1_52' title='bbox 149 458 211 488; x_wconf 84' lang='lat' dir='ltr'>tes</span> <span class='ocrx_word' id='word_1_53' title='bbox 232 448 284 486; x_wconf 90' lang='lat' dir='ltr'>ab</span> <span class='ocrx_word' id='word_1_54' title='bbox 305 447 448 486; x_wconf 83' lang='lat' dir='ltr'>liberis</span> <span class='ocrx_word' id='word_1_55' title='bbox 470 446 809 500; x_wconf 79' lang='lat' dir='ltr'>temperaverint.</span> <span class='ocrx_word' id='word_1_56' title='bbox 848 446 1054 486; x_wconf 79' lang='lat' dir='ltr'>Rhifia&#39;sus</span> <span class='ocrx_word' id='word_1_57' title='bbox 1077 446 1354 494; x_wconf 69' lang='lat' dir='ltr'>(Pellenensis</span> <span class='ocrx_word' id='word_1_58' title='bbox 1371 449 1481 496; x_wconf 76' lang='lat' dir='ltr'>erat)</span> 
     </span>
     <span class='ocr_line' id='line_1_9' title="bbox 148 503 1480 559; baseline 0.002 -15"><span class='ocrx_word' id='word_1_59' title='bbox 148 503 590 558; x_wconf 16' lang='lat' dir='ltr'>filiumvdamiurgum,</span> <span class='ocrx_word' id='word_1_60' title='bbox 623 505 801 543; x_wconf 86' lang='lat' dir='ltr'>nomine</span> <span class='ocrx_word' id='word_1_61' title='bbox 820 507 1124 553; x_wconf 84' lang='lat' dir='ltr'>Memnonem,</span> <span class='ocrx_word' id='word_1_62' title='bbox 1157 505 1358 554; x_wconf 80' lang='lat' dir='ltr'>habebat,</span> <span class='ocrx_word' id='word_1_63' title='bbox 1387 519 1480 559; x_wconf 78' lang='lat' dir='ltr'>par·</span> 
     </span>
     <span class='ocr_line' id='line_1_10' title="bbox 149 560 1479 616; baseline 0.001 -14"><span class='ocrx_word' id='word_1_64' title='bbox 149 563 202 602; x_wconf 85' lang='lat' dir='ltr'>tis</span> <span class='ocrx_word' id='word_1_65' title='bbox 230 562 337 616; x_wconf 87' lang='lat' dir='ltr'>ejus,</span> <span class='ocrx_word' id='word_1_66' title='bbox 379 575 483 614; x_wconf 89' lang='lat' dir='ltr'>quae</span> <span class='ocrx_word' id='word_1_67' title='bbox 515 560 729 600; x_wconf 84' lang='lat' dir='ltr'>decretum</span> <span class='ocrx_word' id='word_1_68' title='bbox 756 563 947 610; x_wconf 83' lang='lat' dir='ltr'>recitari,</span> <span class='ocrx_word' id='word_1_69' title='bbox 986 564 1280 616; x_wconf 80' lang='lat' dir='ltr'>perrogarique</span> <span class='ocrx_word' id='word_1_70' title='bbox 1311 562 1479 603; x_wconf 79' lang='lat' dir='ltr'>senten-</span> 
     </span>
     <span class='ocr_line' id='line_1_11' title="bbox 146 619 1479 673; baseline -0.001 -14"><span class='ocrx_word' id='word_1_71' title='bbox 146 620 224 660; x_wconf 80' lang='lat' dir='ltr'>tias</span> <span class='ocrx_word' id='word_1_72' title='bbox 243 619 504 673; x_wconf 85' lang='lat' dir='ltr'>prohibebat.</span> <span class='ocrx_word' id='word_1_73' title='bbox 565 621 625 667; x_wconf 91' lang='lat' dir='ltr'>Is,</span> <span class='ocrx_word' id='word_1_74' title='bbox 658 619 729 657; x_wconf 80' lang='lat' dir='ltr'>diu</span> <span class='ocrx_word' id='word_1_75' title='bbox 762 619 980 658; x_wconf 80' lang='lat' dir='ltr'>obtestatus</span> <span class='ocrx_word' id='word_1_76' title='bbox 1007 619 1163 669; x_wconf 82' lang='lat' dir='ltr'>filium,</span> <span class='ocrx_word' id='word_1_77' title='bbox 1194 630 1239 658; x_wconf 90' lang='lat' dir='ltr'>ut</span> <span class='ocrx_word' id='word_1_78' title='bbox 1259 619 1479 659; x_wconf 79' lang='lat' dir='ltr'>consulere</span> 
     </span>
     <span class='ocr_line' id='line_1_12' title="bbox 148 676 1480 730; baseline 0 -14"><span class='ocrx_word' id='word_1_79' title='bbox 148 676 341 717; x_wconf 78' lang='lat' dir='ltr'>Achaeos</span> <span class='ocrx_word' id='word_1_80' title='bbox 375 676 591 715; x_wconf 84' lang='lat' dir='ltr'>communi</span> <span class='ocrx_word' id='word_1_81' title='bbox 620 676 738 715; x_wconf 77' lang='lat' dir='ltr'>saluti</span> <span class='ocrx_word' id='word_1_82' title='bbox 767 687 998 730; x_wconf 87' lang='lat' dir='ltr'>pateretur,</span> <span class='ocrx_word' id='word_1_83' title='bbox 1029 691 1114 716; x_wconf 89' lang='lat' dir='ltr'>neu</span> <span class='ocrx_word' id='word_1_84' title='bbox 1145 677 1382 730; x_wconf 82' lang='lat' dir='ltr'>pertinacia</span> <span class='ocrx_word' id='word_1_85' title='bbox 1407 676 1480 716; x_wconf 77' lang='lat' dir='ltr'>sua</span> 
     </span>
     <span class='ocr_line' id='line_1_13' title="bbox 137 732 1478 789; baseline -0.001 -15"><span class='ocrx_word' id='word_1_86' title='bbox 137 745 320 788; x_wconf 73' lang='lat' dir='ltr'>gentem</span> <span class='ocrx_word' id='word_1_87' title='bbox 339 732 577 774; x_wconf 72' lang='lat' dir='ltr'>universam</span> <span class='ocrx_word' id='word_1_88' title='bbox 596 733 807 788; x_wconf 84' lang='lat' dir='ltr'>perditum</span> <span class='ocrx_word' id='word_1_89' title='bbox 830 735 935 784; x_wconf 82' lang='lat' dir='ltr'>iret,</span> <span class='ocrx_word' id='word_1_90' title='bbox 963 734 1177 789; x_wconf 78' lang='lat' dir='ltr'>postquam</span> <span class='ocrx_word' id='word_1_91' title='bbox 1202 748 1354 788; x_wconf 87' lang='lat' dir='ltr'>parum</span> <span class='ocrx_word' id='word_1_92' title='bbox 1383 749 1478 788; x_wconf 86' lang='lat' dir='ltr'>pro·</span> 
     </span>
     <span class='ocr_line' id='line_1_14' title="bbox 141 791 1475 845; baseline -0.001 -13"><span class='ocrx_word' id='word_1_93' title='bbox 141 793 348 832; x_wconf 31' lang='lat' dir='ltr'>*ficiebant</span> <span class='ocrx_word' id='word_1_94' title='bbox 375 804 544 845; x_wconf 84' lang='lat' dir='ltr'>preces,</span> <span class='ocrx_word' id='word_1_95' title='bbox 590 793 744 844; x_wconf 77' lang='lat' dir='ltr'>juratus</span> <span class='ocrx_word' id='word_1_96' title='bbox 773 791 816 830; x_wconf 88' lang='lat' dir='ltr'>se</span> <span class='ocrx_word' id='word_1_97' title='bbox 845 806 939 830; x_wconf 88' lang='lat' dir='ltr'>eum</span> <span class='ocrx_word' id='word_1_98' title='bbox 969 791 1039 830; x_wconf 84' lang='lat' dir='ltr'>sua</span> <span class='ocrx_word' id='word_1_99' title='bbox 1070 806 1201 830; x_wconf 88' lang='lat' dir='ltr'>manu</span> <span class='ocrx_word' id='word_1_100' title='bbox 1230 793 1475 831; x_wconf 87' lang='lat' dir='ltr'>interemtu-</span> 
     </span>
     <span class='ocr_line' id='line_1_15' title="bbox 143 848 1476 903; baseline 0.001 -15"><span class='ocrx_word' id='word_1_101' title='bbox 143 863 271 899; x_wconf 62' lang='lat' dir='ltr'>vrum,</span> <span class='ocrx_word' id='word_1_102' title='bbox 302 863 385 889; x_wconf 87' lang='lat' dir='ltr'>nec</span> <span class='ocrx_word' id='word_1_103' title='bbox 413 863 490 902; x_wconf 89' lang='lat' dir='ltr'>pro</span> <span class='ocrx_word' id='word_1_104' title='bbox 520 849 629 899; x_wconf 79' lang='lat' dir='ltr'>filio,</span> <span class='ocrx_word' id='word_1_105' title='bbox 659 849 730 888; x_wconf 83' lang='lat' dir='ltr'>sed</span> <span class='ocrx_word' id='word_1_106' title='bbox 756 863 833 902; x_wconf 86' lang='lat' dir='ltr'>pro</span> <span class='ocrx_word' id='word_1_107' title='bbox 865 848 1003 899; x_wconf 80' lang='lat' dir='ltr'>hoste,</span> <span class='ocrx_word' id='word_1_108' title='bbox 1040 851 1307 898; x_wconf 87' lang='lat' dir='ltr'>habiturum,</span> <span class='ocrx_word' id='word_1_109' title='bbox 1335 849 1476 903; x_wconf 81' lang='lat' dir='ltr'>=minis</span> 
     </span>
     <span class='ocr_line' id='line_1_16' title="bbox 147 905 1478 961; baseline 0 -15"><span class='ocrx_word' id='word_1_110' title='bbox 147 907 350 961; x_wconf 82' lang='lat' dir='ltr'>pervicit,</span> <span class='ocrx_word' id='word_1_111' title='bbox 392 917 438 944; x_wconf 87' lang='lat' dir='ltr'>ut</span> <span class='ocrx_word' id='word_1_112' title='bbox 461 905 626 960; x_wconf 84' lang='lat' dir='ltr'>postero</span> <span class='ocrx_word' id='word_1_113' title='bbox 657 906 725 945; x_wconf 89' lang='lat' dir='ltr'>die</span> <span class='ocrx_word' id='word_1_114' title='bbox 749 907 1022 960; x_wconf 78' lang='lat' dir='ltr'>conjungeret</span> <span class='ocrx_word' id='word_1_115' title='bbox 1046 908 1095 947; x_wconf 89' lang='lat' dir='ltr'>iis</span> <span class='ocrx_word' id='word_1_116' title='bbox 1124 906 1186 955; x_wconf 84' lang='lat' dir='ltr'>se,</span> <span class='ocrx_word' id='word_1_117' title='bbox 1221 907 1292 960; x_wconf 91' lang='lat' dir='ltr'>qui</span> <span class='ocrx_word' id='word_1_118' title='bbox 1321 905 1478 946; x_wconf 83' lang='lat' dir='ltr'>refere-</span> 
     </span>
     <span class='ocr_line' id='line_1_17' title="bbox 146 962 1477 1018; baseline -0.001 -14"><span class='ocrx_word' id='word_1_119' title='bbox 146 967 266 1004; x_wconf 87' lang='lat' dir='ltr'><strong>bant.</strong></span> <span class='ocrx_word' id='word_1_120' title='bbox 312 964 384 1017; x_wconf 88' lang='lat' dir='ltr'>qui</span> <span class='ocrx_word' id='word_1_121' title='bbox 404 978 499 1002; x_wconf 88' lang='lat' dir='ltr'>cum</span> <span class='ocrx_word' id='word_1_122' title='bbox 524 964 663 1016; x_wconf 84' lang='lat' dir='ltr'>plures</span> <span class='ocrx_word' id='word_1_123' title='bbox 683 962 782 1002; x_wconf 83' lang='lat' dir='ltr'>facti</span> <span class='ocrx_word' id='word_1_124' title='bbox 804 962 1036 1013; x_wconf 84' lang='lat' dir='ltr'>referrent,</span> <span class='ocrx_word' id='word_1_125' title='bbox 1069 965 1266 1004; x_wconf 89' lang='lat' dir='ltr'>omnibus</span> <span class='ocrx_word' id='word_1_126' title='bbox 1287 963 1378 1003; x_wconf 84' lang='lat' dir='ltr'>fere</span> <span class='ocrx_word' id='word_1_127' title='bbox 1404 978 1477 1018; x_wconf 87' lang='lat' dir='ltr'>po-</span> 
     </span>
     <span class='ocr_line' id='line_1_18' title="bbox 138 1019 1478 1076; baseline 0.001 -16"><span class='ocrx_word' id='word_1_128' title='bbox 138 1023 256 1076; x_wconf 74' lang='lat' dir='ltr'>pulis</span> <span class='ocrx_word' id='word_1_129' title='bbox 274 1020 387 1060; x_wconf 80' lang='lat' dir='ltr'>haud</span> <span class='ocrx_word' id='word_1_130' title='bbox 410 1020 536 1060; x_wconf 86' lang='lat' dir='ltr'>dubie</span> <span class='ocrx_word' id='word_1_131' title='bbox 559 1021 887 1073; x_wconf 80' lang='lat' dir='ltr'>approbantibus</span> <span class='ocrx_word' id='word_1_132' title='bbox 908 1022 1156 1061; x_wconf 86' lang='lat' dir='ltr'>relationem</span> <span class='ocrx_word' id='word_1_133' title='bbox 1171 1051 1182 1070; x_wconf 90' lang='lat'>,</span> <span class='ocrx_word' id='word_1_134' title='bbox 1226 1036 1274 1061; x_wconf 87' lang='lat' dir='ltr'>ac</span> <span class='ocrx_word' id='word_1_135' title='bbox 1303 1035 1405 1075; x_wconf 87' lang='lat' dir='ltr'>prae</span> <span class='ocrx_word' id='word_1_136' title='bbox 1433 1019 1478 1061; x_wconf 75' lang='lat' dir='ltr'>[e</span> 
     </span>
     <span class='ocr_line' id='line_1_19' title="bbox 147 1076 1478 1132; baseline 0 -14"><span class='ocrx_word' id='word_1_137' title='bbox 147 1078 406 1126; x_wconf 79' lang='lat' dir='ltr'>ferentibus,</span> <span class='ocrx_word' id='word_1_138' title='bbox 448 1076 549 1130; x_wconf 81' lang='lat' dir='ltr'>quid</span> <span class='ocrx_word' id='word_1_139' title='bbox 579 1077 788 1116; x_wconf 86' lang='lat' dir='ltr'>decreturi</span> <span class='ocrx_word' id='word_1_140' title='bbox 816 1077 974 1126; x_wconf 83' lang='lat' dir='ltr'>essent;</span> <span class='ocrx_word' id='word_1_141' title='bbox 1010 1078 1194 1131; x_wconf 82' lang='lat' dir='ltr'>Dymaei</span> <span class='ocrx_word' id='word_1_142' title='bbox 1224 1093 1272 1117; x_wconf 90' lang='lat' dir='ltr'>ae</span> <span class='ocrx_word' id='word_1_143' title='bbox 1298 1080 1478 1132; x_wconf 84' lang='lat' dir='ltr'>Megalo-</span> 
     </span>
     <span class='ocr_line' id='line_1_20' title="bbox 150 1134 1477 1191; baseline -0.002 -15"><span class='ocrx_word' id='word_1_144' title='bbox 150 1136 348 1191; x_wconf 83' lang='lat' dir='ltr'>politani,</span> <span class='ocrx_word' id='word_1_145' title='bbox 400 1146 441 1174; x_wconf 89' lang='lat' dir='ltr'>et</span> <span class='ocrx_word' id='word_1_146' title='bbox 470 1134 642 1188; x_wconf 88' lang='lat' dir='ltr'>quidam</span> <span class='ocrx_word' id='word_1_147' title='bbox 669 1134 943 1188; x_wconf 78' lang='lat' dir='ltr'>Argivorum,</span> <span class='ocrx_word' id='word_1_148' title='bbox 991 1137 1230 1190; x_wconf 84' lang='lat' dir='ltr'>priusquam</span> <span class='ocrx_word' id='word_1_149' title='bbox 1260 1135 1477 1175; x_wconf 85' lang='lat' dir='ltr'>decretum</span> 
     </span>
     <span class='ocr_line' id='line_1_21' title="bbox 147 1192 1476 1247; baseline -0.002 -13"><span class='ocrx_word' id='word_1_150' title='bbox 147 1196 288 1244; x_wconf 77' lang='lat' dir='ltr'>lieret,</span> <span class='ocrx_word' id='word_1_151' title='bbox 319 1192 690 1242; x_wconf 79' lang='lat' dir='ltr'>consurrexerunt,</span> <span class='ocrx_word' id='word_1_152' title='bbox 718 1207 765 1231; x_wconf 87' lang='lat' dir='ltr'>ac</span> <span class='ocrx_word' id='word_1_153' title='bbox 784 1193 1047 1246; x_wconf 89' lang='lat' dir='ltr'>reliquerunt</span> <span class='ocrx_word' id='word_1_154' title='bbox 1068 1194 1307 1243; x_wconf 87' lang='lat' dir='ltr'>concilium,</span> <span class='ocrx_word' id='word_1_155' title='bbox 1336 1206 1476 1247; x_wconf 85' lang='lat' dir='ltr'>neque</span> 
     </span>
     <span class='ocr_line' id='line_1_22' title="bbox 147 1251 1476 1304; baseline 0 -13"><span class='ocrx_word' id='word_1_156' title='bbox 147 1253 332 1291; x_wconf 84' lang='lat' dir='ltr'>mirante</span> <span class='ocrx_word' id='word_1_157' title='bbox 362 1252 470 1300; x_wconf 90' lang='lat' dir='ltr'>ullo,</span> <span class='ocrx_word' id='word_1_158' title='bbox 513 1264 654 1304; x_wconf 88' lang='lat' dir='ltr'>neque</span> <span class='ocrx_word' id='word_1_159' title='bbox 684 1251 963 1303; x_wconf 78' lang='lat' dir='ltr'>improbante.</span> <span class='ocrx_word' id='word_1_160' title='bbox 1029 1251 1140 1290; x_wconf 71' lang='lat' dir='ltr'>Nam</span> <span class='ocrx_word' id='word_1_161' title='bbox 1169 1251 1476 1304; x_wconf 79' lang='lat' dir='ltr'>Megalopolita-</span> 
     </span>
     <span class='ocr_line' id='line_1_23' title="bbox 148 1306 1477 1360; baseline -0.001 -11"><span class='ocrx_word' id='word_1_162' title='bbox 148 1323 251 1359; x_wconf 85' lang='lat' dir='ltr'>nos,</span> <span class='ocrx_word' id='word_1_163' title='bbox 284 1323 458 1348; x_wconf 82' lang='lat' dir='ltr'>avorum</span> <span class='ocrx_word' id='word_1_164' title='bbox 488 1309 691 1347; x_wconf 88' lang='lat' dir='ltr'>memoria</span> <span class='ocrx_word' id='word_1_165' title='bbox 722 1306 860 1360; x_wconf 80' lang='lat' dir='ltr'>pulsos</span> <span class='ocrx_word' id='word_1_166' title='bbox 886 1309 938 1346; x_wconf 87' lang='lat' dir='ltr'>ab</span> <span class='ocrx_word' id='word_1_167' title='bbox 971 1308 1333 1357; x_wconf 80' lang='lat' dir='ltr'>Lacedaemoniis,</span> <span class='ocrx_word' id='word_1_168' title='bbox 1363 1307 1477 1348; x_wconf 82' lang='lat' dir='ltr'>resti-</span> 
     </span>
     <span class='ocr_line' id='line_1_24' title="bbox 146 1364 1477 1420; baseline -0.002 -14"><span class='ocrx_word' id='word_1_169' title='bbox 146 1377 283 1406; x_wconf 83' lang='lat' dir='ltr'>tuerat</span> <span class='ocrx_word' id='word_1_170' title='bbox 305 1368 354 1405; x_wconf 90' lang='lat' dir='ltr'>in</span> <span class='ocrx_word' id='word_1_171' title='bbox 375 1366 552 1419; x_wconf 86' lang='lat' dir='ltr'>patriam</span> <span class='ocrx_word' id='word_1_172' title='bbox 572 1364 834 1418; x_wconf 78' lang='lat' dir='ltr'>Antigonus:</span> <span class='ocrx_word' id='word_1_173' title='bbox 866 1376 906 1404; x_wconf 88' lang='lat' dir='ltr'>et</span> <span class='ocrx_word' id='word_1_174' title='bbox 926 1364 1154 1417; x_wconf 79' lang='lat' dir='ltr'>Dymaeis,</span> <span class='ocrx_word' id='word_1_175' title='bbox 1182 1367 1312 1418; x_wconf 87' lang='lat' dir='ltr'>captis</span> <span class='ocrx_word' id='word_1_176' title='bbox 1334 1368 1477 1420; x_wconf 74' lang='lat' dir='ltr'>nuper</span> 
     </span>
     <span class='ocr_line' id='line_1_25' title="bbox 148 1423 1475 1478; baseline -0.002 -14"><span class='ocrx_word' id='word_1_177' title='bbox 148 1425 405 1478; x_wconf 85' lang='lat' dir='ltr'>direptisque</span> <span class='ocrx_word' id='word_1_178' title='bbox 427 1425 479 1462; x_wconf 85' lang='lat' dir='ltr'>ab</span> <span class='ocrx_word' id='word_1_179' title='bbox 502 1423 687 1462; x_wconf 80' lang='lat' dir='ltr'>exercitu</span> <span class='ocrx_word' id='word_1_180' title='bbox 707 1423 925 1469; x_wconf 82' lang='lat' dir='ltr'>Romano,</span> <span class='ocrx_word' id='word_1_181' title='bbox 958 1437 1054 1461; x_wconf 88' lang='lat' dir='ltr'>cum</span> <span class='ocrx_word' id='word_1_182' title='bbox 1083 1423 1234 1462; x_wconf 85' lang='lat' dir='ltr'>redimi</span> <span class='ocrx_word' id='word_1_183' title='bbox 1266 1436 1357 1472; x_wconf 91' lang='lat' dir='ltr'>eos,</span> <span class='ocrx_word' id='word_1_184' title='bbox 1386 1423 1475 1462; x_wconf 87' lang='lat' dir='ltr'>ubi-</span> 
     </span>
     <span class='ocr_line' id='line_1_26' title="bbox 147 1479 1475 1535; baseline -0.002 -13"><span class='ocrx_word' id='word_1_185' title='bbox 147 1495 317 1535; x_wconf 91' lang='lat' dir='ltr'>cunque</span> <span class='ocrx_word' id='word_1_186' title='bbox 351 1480 580 1530; x_wconf 82' lang='lat' dir='ltr'>servirent,</span> <span class='ocrx_word' id='word_1_187' title='bbox 629 1481 843 1533; x_wconf 74' lang='lat' dir='ltr'>Philippus</span> <span class='ocrx_word' id='word_1_188' title='bbox 877 1479 1067 1532; x_wconf 73' lang='lat' dir='ltr'>jussisset,</span> <span class='ocrx_word' id='word_1_189' title='bbox 1114 1495 1208 1520; x_wconf 88' lang='lat' dir='ltr'>non</span> <span class='ocrx_word' id='word_1_190' title='bbox 1238 1480 1475 1520; x_wconf 86' lang='lat' dir='ltr'>libertatem</span> 
     </span>
     <span class='ocr_line' id='line_1_27' title="bbox 144 1536 1474 1592; baseline -0.002 -12"><span class='ocrx_word' id='word_1_191' title='bbox 144 1540 299 1589; x_wconf 82' lang='lat' dir='ltr'>modo,</span> <span class='ocrx_word' id='word_1_192' title='bbox 349 1538 421 1578; x_wconf 78' lang='lat' dir='ltr'>sed</span> <span class='ocrx_word' id='word_1_193' title='bbox 451 1539 575 1578; x_wconf 88' lang='lat' dir='ltr'>etiam</span> <span class='ocrx_word' id='word_1_194' title='bbox 613 1537 813 1591; x_wconf 84' lang='lat' dir='ltr'>patriam,</span> <span class='ocrx_word' id='word_1_195' title='bbox 864 1537 1119 1578; x_wconf 80' lang='lat' dir='ltr'>reddiderat.</span> <span class='ocrx_word' id='word_1_196' title='bbox 1188 1539 1281 1578; x_wconf 84' lang='lat' dir='ltr'>Jam</span> <span class='ocrx_word' id='word_1_197' title='bbox 1311 1536 1474 1592; x_wconf 77' lang='lat' dir='ltr'>Argivi,</span> 
     </span>
     <span class='ocr_line' id='line_1_28' title="bbox 149 1594 1474 1652; baseline -0.002 -15"><span class='ocrx_word' id='word_1_198' title='bbox 149 1608 446 1652; x_wconf 86' lang='lat' dir='ltr'>praeterquam</span> <span class='ocrx_word' id='word_1_199' title='bbox 466 1595 577 1649; x_wconf 89' lang='lat' dir='ltr'>quod</span> <span class='ocrx_word' id='word_1_200' title='bbox 596 1594 876 1634; x_wconf 80' lang='lat' dir='ltr'>Macedonum</span> <span class='ocrx_word' id='word_1_201' title='bbox 900 1609 1016 1648; x_wconf 80' lang='lat' dir='ltr'>reges</span> <span class='ocrx_word' id='word_1_202' title='bbox 1038 1598 1089 1634; x_wconf 89' lang='lat' dir='ltr'>ab</span> <span class='ocrx_word' id='word_1_203' title='bbox 1107 1595 1148 1634; x_wconf 82' lang='lat' dir='ltr'>se</span> <span class='ocrx_word' id='word_1_204' title='bbox 1165 1595 1366 1635; x_wconf 79' lang='lat' dir='ltr'>oriundos</span> <span class='ocrx_word' id='word_1_205' title='bbox 1387 1609 1474 1635; x_wconf 86' lang='lat' dir='ltr'>cre-</span> 
     </span>
     <span class='ocr_line' id='line_1_29' title="bbox 149 1651 1474 1708; baseline -0.002 -13"><span class='ocrx_word' id='word_1_206' title='bbox 149 1656 273 1705; x_wconf 88' lang='lat' dir='ltr'>dunt,</span> <span class='ocrx_word' id='word_1_207' title='bbox 301 1654 475 1708; x_wconf 61' lang='lat' dir='ltr'>privans</span> <span class='ocrx_word' id='word_1_208' title='bbox 496 1655 621 1693; x_wconf 88' lang='lat' dir='ltr'>etiam</span> <span class='ocrx_word' id='word_1_209' title='bbox 643 1652 830 1706; x_wconf 76' lang='lat' dir='ltr'>hospitiis</span> <span class='ocrx_word' id='word_1_210' title='bbox 850 1651 1130 1706; x_wconf 85' lang='lat' dir='ltr'>familiarique</span> <span class='ocrx_word' id='word_1_211' title='bbox 1151 1654 1331 1692; x_wconf 87' lang='lat' dir='ltr'>amicitia</span> <span class='ocrx_word' id='word_1_212' title='bbox 1349 1653 1474 1706; x_wconf 81' lang='lat' dir='ltr'>pleri·</span> 
     </span>
     <span class='ocr_line' id='line_1_30' title="bbox 145 1710 1473 1767; baseline -0.002 -15"><span class='ocrx_word' id='word_1_213' title='bbox 145 1727 227 1767; x_wconf 88' lang='lat' dir='ltr'>que</span> <span class='ocrx_word' id='word_1_214' title='bbox 252 1713 399 1765; x_wconf 86' lang='lat' dir='ltr'>illigati</span> <span class='ocrx_word' id='word_1_215' title='bbox 419 1711 610 1765; x_wconf 88' lang='lat' dir='ltr'>Philippo</span> <span class='ocrx_word' id='word_1_216' title='bbox 633 1721 768 1749; x_wconf 82' lang='lat' dir='ltr'>erant.</span> <span class='ocrx_word' id='word_1_217' title='bbox 831 1711 894 1749; x_wconf 89' lang='lat' dir='ltr'>Ob</span> <span class='ocrx_word' id='word_1_218' title='bbox 916 1710 1021 1749; x_wconf 89' lang='lat' dir='ltr'>haec</span> <span class='ocrx_word' id='word_1_219' title='bbox 1040 1712 1243 1760; x_wconf 90' lang='lat' dir='ltr'>concilio,</span> <span class='ocrx_word' id='word_1_220' title='bbox 1274 1710 1386 1764; x_wconf 91' lang='lat' dir='ltr'>quod</span> <span class='ocrx_word' id='word_1_221' title='bbox 1407 1711 1473 1761; x_wconf 77' lang='lat' dir='ltr'>in-</span> 
     </span>
     <span class='ocr_line' id='line_1_31' title="bbox 146 1766 1472 1822; baseline -0.002 -12"><span class='ocrx_word' id='word_1_222' title='bbox 146 1772 378 1810; x_wconf 89' lang='lat' dir='ltr'>clinaverat</span> <span class='ocrx_word' id='word_1_223' title='bbox 406 1768 460 1807; x_wconf 88' lang='lat' dir='ltr'>ad</span> <span class='ocrx_word' id='word_1_224' title='bbox 481 1770 721 1808; x_wconf 84' lang='lat' dir='ltr'>Romanam</span> <span class='ocrx_word' id='word_1_225' title='bbox 751 1766 984 1806; x_wconf 82' lang='lat' dir='ltr'>societatem</span> <span class='ocrx_word' id='word_1_226' title='bbox 1008 1768 1261 1822; x_wconf 84' lang='lat' dir='ltr'>jubendam,</span> <span class='ocrx_word' id='word_1_227' title='bbox 1294 1767 1472 1808; x_wconf 77' lang='lat' dir='ltr'>excesse-</span> 
     </span>
     <span class='ocr_line' id='line_1_32' title="bbox 146 1824 1472 1881; baseline -0.003 -13"><span class='ocrx_word' id='word_1_228' title='bbox 146 1839 270 1867; x_wconf 80' lang='lat' dir='ltr'>runt:</span> <span class='ocrx_word' id='word_1_229' title='bbox 310 1827 517 1880; x_wconf 84' lang='lat' dir='ltr'>veniaque</span> <span class='ocrx_word' id='word_1_230' title='bbox 545 1827 595 1865; x_wconf 88' lang='lat' dir='ltr'>iis</span> <span class='ocrx_word' id='word_1_231' title='bbox 624 1825 743 1878; x_wconf 78' lang='lat' dir='ltr'>hujus</span> <span class='ocrx_word' id='word_1_232' title='bbox 768 1824 1001 1880; x_wconf 70' lang='lat' dir='ltr'>secessionis</span> <span class='ocrx_word' id='word_1_233' title='bbox 1018 1824 1122 1875; x_wconf 83' lang='lat' dir='ltr'>fuit,</span> <span class='ocrx_word' id='word_1_234' title='bbox 1165 1837 1206 1866; x_wconf 80' lang='lat' dir='ltr'>et</span> <span class='ocrx_word' id='word_1_235' title='bbox 1238 1827 1402 1881; x_wconf 84' lang='lat' dir='ltr'>magnis</span> <span class='ocrx_word' id='word_1_236' title='bbox 1430 1835 1472 1866; x_wconf 86' lang='lat' dir='ltr'>et</span> 
     </span>
     <span class='ocr_line' id='line_1_33' title="bbox 147 1882 1041 1939; baseline -0.006 -14"><span class='ocrx_word' id='word_1_237' title='bbox 147 1886 389 1926; x_wconf 84' lang='lat' dir='ltr'>recentibus</span> <span class='ocrx_word' id='word_1_238' title='bbox 410 1885 597 1939; x_wconf 87' lang='lat' dir='ltr'>obligatis</span> <span class='ocrx_word' id='word_1_239' title='bbox 620 1882 846 1922; x_wconf 85' lang='lat' dir='ltr'>beneficiis.</span> <span class='ocrx_word' id='word_1_240' title='bbox 1038 1886 1041 1887; x_wconf 50' lang='lat'><em>⁷</em></span> 
     </span>
    </p>
   </div>
   <div class='ocr_carea' id='block_1_4' title="bbox 1082 126 1280 136">
    <p class='ocr_par' dir='ltr' id='par_1_4' title="bbox 1082 126 1280 136">
     <span class='ocr_line' id='line_1_34' title="bbox 1082 126 1280 136; baseline 0 0"><span class='ocrx_word' id='word_1_241' title='bbox 1082 126 1280 136; x_wconf 95' lang='lat' dir='ltr'> </span> 
     </span>
    </p>
   </div>
   <div class='ocr_carea' id='block_1_5' title="bbox 1284 126 1481 138">
    <p class='ocr_par' dir='ltr' id='par_1_5' title="bbox 1284 126 1481 138">
     <span class='ocr_line' id='line_1_35' title="bbox 1284 126 1481 138; baseline 0 0"><span class='ocrx_word' id='word_1_242' title='bbox 1284 126 1481 138; x_wconf 95' lang='lat' dir='ltr'> </span> 
     </span>
    </p>
   </div>
   <div class='ocr_carea' id='block_1_6' title="bbox 685 193 883 201">
    <p class='ocr_par' dir='ltr' id='par_1_6' title="bbox 685 193 883 201">
     <span class='ocr_line' id='line_1_36' title="bbox 685 193 883 201; baseline 0 2502"><span class='ocrx_word' id='word_1_243' title='bbox 685 193 883 201; x_wconf 95' lang='lat' dir='ltr'> </span> 
     </span>
    </p>
   </div>
   <div class='ocr_carea' id='block_1_7' title="bbox 886 192 1082 202">
    <p class='ocr_par' dir='ltr' id='par_1_7' title="bbox 886 192 1082 202">
     <span class='ocr_line' id='line_1_37' title="bbox 886 192 1082 202; baseline 0 2501"><span class='ocrx_word' id='word_1_244' title='bbox 886 192 1082 202; x_wconf 95' lang='lat' dir='ltr'> </span> 
     </span>
    </p>
   </div>
   <div class='ocr_carea' id='block_1_8' title="bbox 134 1995 1472 2457">
    <p class='ocr_par' dir='ltr' id='par_1_8' title="bbox 134 1995 1472 2457">
     <span class='ocr_line' id='line_1_38' title="bbox 257 1995 1471 2051; baseline -0.001 -13"><span class='ocrx_word' id='word_1_245' title='bbox 257 1999 408 2039; x_wconf 80' lang='lat' dir='ltr'><strong>XXIII.</strong></span> <span class='ocrx_word' id='word_1_246' title='bbox 469 1996 604 2037; x_wconf 87' lang='lat' dir='ltr'>Ceteri</span> <span class='ocrx_word' id='word_1_247' title='bbox 629 1997 772 2051; x_wconf 80' lang='lat' dir='ltr'>populi</span> <span class='ocrx_word' id='word_1_248' title='bbox 795 1995 1083 2045; x_wconf 74' lang='lat' dir='ltr'>Achaeorum,</span> <span class='ocrx_word' id='word_1_249' title='bbox 1124 2011 1220 2035; x_wconf 86' lang='lat' dir='ltr'>cum</span> <span class='ocrx_word' id='word_1_250' title='bbox 1240 1997 1471 2038; x_wconf 78' lang='lat' dir='ltr'>sententias</span> 
     </span>
     <span class='ocr_line' id='line_1_39' title="bbox 152 2053 1472 2112; baseline -0.002 -15"><span class='ocrx_word' id='word_1_251' title='bbox 152 2067 500 2112; x_wconf 80' lang='lat' dir='ltr'>perrogarentur,</span> <span class='ocrx_word' id='word_1_252' title='bbox 541 2054 776 2093; x_wconf 84' lang='lat' dir='ltr'>societatem</span> <span class='ocrx_word' id='word_1_253' title='bbox 797 2069 892 2093; x_wconf 87' lang='lat' dir='ltr'>cum</span> <span class='ocrx_word' id='word_1_254' title='bbox 918 2053 1059 2092; x_wconf 85' lang='lat' dir='ltr'>Attalo</span> <span class='ocrx_word' id='word_1_255' title='bbox 1086 2068 1133 2092; x_wconf 86' lang='lat' dir='ltr'>ac</span> <span class='ocrx_word' id='word_1_256' title='bbox 1155 2054 1336 2095; x_wconf 85' lang='lat' dir='ltr'>Rhodiis</span> <span class='ocrx_word' id='word_1_257' title='bbox 1353 2068 1472 2109; x_wconf 77' lang='lat' dir='ltr'>prae-</span> 
     </span>
     <span class='ocr_line' id='line_1_40' title="bbox 147 2111 1472 2166; baseline -0.003 -11"><span class='ocrx_word' id='word_1_258' title='bbox 147 2116 259 2155; x_wconf 74' lang='lat' dir='ltr'>renti</span> <span class='ocrx_word' id='word_1_259' title='bbox 278 2115 447 2154; x_wconf 89' lang='lat' dir='ltr'>decreto</span> <span class='ocrx_word' id='word_1_260' title='bbox 469 2112 798 2152; x_wconf 74' lang='lat' dir='ltr'>confirmaruntz</span> <span class='ocrx_word' id='word_1_261' title='bbox 828 2125 923 2150; x_wconf 86' lang='lat' dir='ltr'>cum</span> <span class='ocrx_word' id='word_1_262' title='bbox 944 2112 1148 2150; x_wconf 84' lang='lat' dir='ltr'>Romanis</span> <span class='ocrx_word' id='word_1_263' title='bbox 1162 2141 1174 2162; x_wconf 88' lang='lat'>,</span> <span class='ocrx_word' id='word_1_264' title='bbox 1203 2113 1299 2166; x_wconf 85' lang='lat' dir='ltr'>quia</span> <span class='ocrx_word' id='word_1_265' title='bbox 1316 2111 1472 2165; x_wconf 73' lang='lat' dir='ltr'>injussu</span> 
     </span>
     <span class='ocr_line' id='line_1_41' title="bbox 134 2167 1470 2227; baseline -0.003 -14"><span class='ocrx_word' id='word_1_266' title='bbox 134 2174 295 2227; x_wconf 73' lang='lat' dir='ltr'>populi</span> <span class='ocrx_word' id='word_1_267' title='bbox 316 2186 410 2211; x_wconf 88' lang='lat' dir='ltr'>non</span> <span class='ocrx_word' id='word_1_268' title='bbox 428 2180 593 2225; x_wconf 85' lang='lat' dir='ltr'>poterat</span> <span class='ocrx_word' id='word_1_269' title='bbox 615 2181 701 2208; x_wconf 84' lang='lat' dir='ltr'>rata</span> <span class='ocrx_word' id='word_1_270' title='bbox 722 2169 817 2217; x_wconf 79' lang='lat' dir='ltr'>esse,</span> <span class='ocrx_word' id='word_1_271' title='bbox 848 2170 897 2208; x_wconf 88' lang='lat' dir='ltr'>in</span> <span class='ocrx_word' id='word_1_272' title='bbox 915 2167 961 2208; x_wconf 90' lang='lat' dir='ltr'>id</span> <span class='ocrx_word' id='word_1_273' title='bbox 980 2179 1157 2222; x_wconf 79' lang='lat' dir='ltr'>tempus,</span> <span class='ocrx_word' id='word_1_274' title='bbox 1189 2184 1270 2223; x_wconf 91' lang='lat' dir='ltr'>quo</span> <span class='ocrx_word' id='word_1_275' title='bbox 1289 2171 1470 2209; x_wconf 83' lang='lat' dir='ltr'>Romam</span> 
     </span>
     <span class='ocr_line' id='line_1_42' title="bbox 145 2225 1470 2284; baseline -0.001 -15"><span class='ocrx_word' id='word_1_276' title='bbox 145 2231 257 2269; x_wconf 86' lang='lat' dir='ltr'>mitti</span> <span class='ocrx_word' id='word_1_277' title='bbox 277 2231 400 2284; x_wconf 81' lang='lat' dir='ltr'>legati</span> <span class='ocrx_word' id='word_1_278' title='bbox 420 2227 608 2283; x_wconf 81' lang='lat' dir='ltr'>possent,</span> <span class='ocrx_word' id='word_1_279' title='bbox 639 2227 766 2266; x_wconf 84' lang='lat' dir='ltr'>dilata</span> <span class='ocrx_word' id='word_1_280' title='bbox 787 2226 856 2266; x_wconf 89' lang='lat' dir='ltr'>est.</span> <span class='ocrx_word' id='word_1_281' title='bbox 887 2227 935 2265; x_wconf 90' lang='lat' dir='ltr'>in</span> <span class='ocrx_word' id='word_1_282' title='bbox 956 2225 1190 2280; x_wconf 84' lang='lat' dir='ltr'>praesentia</span> <span class='ocrx_word' id='word_1_283' title='bbox 1211 2234 1293 2267; x_wconf 86' lang='lat' dir='ltr'>tres</span> <span class='ocrx_word' id='word_1_284' title='bbox 1315 2228 1470 2281; x_wconf 82' lang='lat' dir='ltr'>legatos</span> 
     </span>
     <span class='ocr_line' id='line_1_43' title="bbox 148 2285 1469 2339; baseline -0.002 -11"><span class='ocrx_word' id='word_1_285' title='bbox 148 2287 203 2327; x_wconf 81' lang='lat' dir='ltr'>ad</span> <span class='ocrx_word' id='word_1_286' title='bbox 229 2290 274 2327; x_wconf 91' lang='lat' dir='ltr'>L.</span> <span class='ocrx_word' id='word_1_287' title='bbox 306 2287 554 2338; x_wconf 78' lang='lat' dir='ltr'>Quinctium</span> <span class='ocrx_word' id='word_1_288' title='bbox 583 2286 691 2324; x_wconf 84' lang='lat' dir='ltr'>mitti</span> <span class='ocrx_word' id='word_1_289' title='bbox 719 2285 896 2339; x_wconf 84' lang='lat' dir='ltr'>placuit,</span> <span class='ocrx_word' id='word_1_290' title='bbox 949 2294 990 2322; x_wconf 88' lang='lat' dir='ltr'>et</span> <span class='ocrx_word' id='word_1_291' title='bbox 1027 2285 1255 2323; x_wconf 80' lang='lat' dir='ltr'>exercitum</span> <span class='ocrx_word' id='word_1_292' title='bbox 1295 2299 1469 2325; x_wconf 88' lang='lat' dir='ltr'>omnem</span> 
     </span>
     <span class='ocr_line' id='line_1_44' title="bbox 147 2341 1467 2395; baseline -0.002 -11"><span class='ocrx_word' id='word_1_293' title='bbox 147 2345 415 2384; x_wconf 84' lang='lat' dir='ltr'>Achaeorum</span> <span class='ocrx_word' id='word_1_294' title='bbox 437 2343 489 2382; x_wconf 81' lang='lat' dir='ltr'>ad</span> <span class='ocrx_word' id='word_1_295' title='bbox 512 2343 762 2389; x_wconf 82' lang='lat' dir='ltr'>Corinthum</span> <span class='ocrx_word' id='word_1_296' title='bbox 789 2341 1033 2391; x_wconf 84' lang='lat' dir='ltr'>admoveri;</span> <span class='ocrx_word' id='word_1_297' title='bbox 1071 2342 1201 2395; x_wconf 84' lang='lat' dir='ltr'>captis</span> <span class='ocrx_word' id='word_1_298' title='bbox 1224 2343 1467 2391; x_wconf 78' lang='lat' dir='ltr'>Cenchreis,</span> 
     </span>
     <span class='ocr_line' id='line_1_45' title="bbox 145 2398 1470 2457; baseline -0.003 -14"><span class='ocrx_word' id='word_1_299' title='bbox 145 2403 227 2457; x_wconf 83' lang='lat' dir='ltr'>jam</span> <span class='ocrx_word' id='word_1_300' title='bbox 249 2405 399 2442; x_wconf 83' lang='lat' dir='ltr'>urbem</span> <span class='ocrx_word' id='word_1_301' title='bbox 420 2401 551 2455; x_wconf 80' lang='lat' dir='ltr'>ipsam</span> <span class='ocrx_word' id='word_1_302' title='bbox 574 2401 775 2452; x_wconf 78' lang='lat' dir='ltr'>Quinctio</span> <span class='ocrx_word' id='word_1_303' title='bbox 797 2409 1081 2454; x_wconf 85' lang='lat' dir='ltr'>oppugnante.</span> <span class='ocrx_word' id='word_1_304' title='bbox 1140 2398 1194 2437; x_wconf 80' lang='lat' dir='ltr'>Et</span> <span class='ocrx_word' id='word_1_305' title='bbox 1224 2399 1268 2438; x_wconf 86' lang='lat' dir='ltr'>hi</span> <span class='ocrx_word' id='word_1_306' title='bbox 1297 2399 1470 2454; x_wconf 82' lang='lat' dir='ltr'>quidem</span> 
     </span>
    </p>
   </div>
   <div class='ocr_carea' id='block_1_9' title="bbox 148 2455 1468 2553">
    <p class='ocr_par' dir='ltr' id='par_1_9' title="bbox 148 2455 1468 2553">
     <span class='ocr_line' id='line_1_46' title="bbox 148 2455 1466 2515; baseline -0.003 -15"><span class='ocrx_word' id='word_1_307' title='bbox 148 2475 171 2500; x_wconf 86' lang='grc' dir='ltr'><strong>ο</strong></span> <span class='ocrx_word' id='word_1_308' title='bbox 188 2463 362 2515; x_wconf 85' lang='lat' dir='ltr'>regione</span> <span class='ocrx_word' id='word_1_309' title='bbox 379 2470 523 2514; x_wconf 82' lang='lat' dir='ltr'>portae</span> <span class='ocrx_word' id='word_1_310' title='bbox 535 2489 546 2508; x_wconf 87' lang='lat'>,</span> <span class='ocrx_word' id='word_1_311' title='bbox 577 2472 682 2511; x_wconf 85' lang='lat' dir='ltr'>quae</span> <span class='ocrx_word' id='word_1_312' title='bbox 700 2457 782 2497; x_wconf 85' lang='lat' dir='ltr'>fert</span> <span class='ocrx_word' id='word_1_313' title='bbox 794 2457 1045 2509; x_wconf 83' lang='lat' dir='ltr'>Sicyonem,</span> <span class='ocrx_word' id='word_1_314' title='bbox 1075 2455 1304 2510; x_wconf 80' lang='lat' dir='ltr'>posuerunt</span> <span class='ocrx_word' id='word_1_315' title='bbox 1322 2457 1466 2498; x_wconf 77' lang='lat' dir='ltr'>castra.</span> 
     </span>
     <span class='ocr_line' id='line_1_47' title="bbox 1402 2515 1468 2553; baseline 0.015 -1"><span class='ocrx_word' id='word_1_316' title='bbox 1402 2515 1468 2553; x_wconf 61' lang='lat' dir='ltr'>&#39;to-</span> 
     </span>
    </p>
   </div>
   <div class='ocr_carea' id='block_1_10' title="bbox 0 2691 304 2703">
    <p class='ocr_par' dir='ltr' id='par_1_10' title="bbox 0 2691 304 2703">
     <span class='ocr_line' id='line_1_48' title="bbox 0 2691 304 2703; baseline 0 0"><span class='ocrx_word' id='word_1_317' title='bbox 0 2691 304 2703; x_wconf 31' lang='lat' dir='ltr'>mh</span> 
     </span>
    </p>
   </div>
  </div>
 </body>
</html>
