1548 2703
124 88 214 139 414
293 83 499 126 LIBER
533 87 716 125 xxxm.
777 86 1141 129 een-xxxvnr.
1163 89 1348 131 xxxm.
1370 92 1378 95 ⁷*

82 154 92 164 ⁸
138 147 152 153 “
405 159 455 196 U.
480 159 511 196 c
552 159 643 203 7368.
882 158 981 196 ae.
1010 158 1057 196 N.
1090 160 1180 210 ¹84·

123 213 389 231 .—
1197 212 1467 226 --.-,

128 239 334 292 Hispania
360 236 473 284 esset,
504 235 649 274 senatu
672 237 835 286 edocto,
866 236 1128 291 postularunt
1149 238 1282 289 simul,
1316 249 1362 278 ut
1378 252 1456 293 pro

128 299 254 335 rebus
275 307 362 334 tam
390 293 591 348 prospere
618 293 737 347 gestis
763 295 859 334 Diis
890 295 1209 336 immortalibus
1227 297 1467 336 haberetur:

128 354 291 403 honos,
338 364 378 392 et
410 363 453 390 ut
494 353 758 405 praetoribus
787 354 1018 391 exercitum
1043 352 1266 407 deportare
1293 355 1454 401 liceretf

129 412 385 465 Supplicatio
417 411 464 448 in
496 408 668 448 biduum
702 409 873 449 decreta
902 409 970 451 est.
1042 410 1095 450 de
1124 412 1355 465 legionibus
1385 411 1457 451 de-

129 469 375 524 portandis,
407 481 505 506 cum
529 466 583 505 de
609 467 826 506 consulum
856 469 1180 523 praetorumque
1205 470 1458 514 exercitibus

130 537 348 581 ageretur,
381 540 472 564 rem
500 525 708 577 integram
738 525 889 564 referri
910 524 1129 578 jusserunt.
1169 519 1344 566 ⁴Paucos
1367 524 1459 579 post

131 585 220 626 dies
238 584 476 624 consulibus
498 583 545 621 in
567 584 735 636 Ligures
760 584 884 622 binae
904 585 1101 636 legiones,
1124 599 1224 638 quas
1246 584 1327 638 Ap.
1339 584 1460 625 Clau-

131 643 223 683 dius
254 654 293 681 et
321 643 377 681 M.
408 641 680 694 Sempronius
708 641 968 691 habuerant,
1001 641 1192 681 decretae
1225 640 1334 681 sunt.
1394 640 1461 680 De

130 699 379 742 exercitibus
414 698 760 751 Hispaniensibus
798 713 950 752 magna
980 701 1200 739 contentio
1231 698 1310 739 fuit
1339 699 1458 752 inter

132 773 264 800 novos
285 767 497 810 praetores
518 766 558 794 et
573 757 729 795 amicos
749 756 999 805 absentium,
1020 758 1238 811 Calpurnii
1254 755 1460 807 Quinctii-

132 833 226 872 que.
287 818 476 868 Utraque
504 813 622 852 causa
652 815 843 853 tribunos
877 815 1034 868 plebis,
1066 826 1240 868 utraque
1267 813 1461 853 consules

107 922 110 924 v
131 876 324 916 habebat.
382 873 441 921 hi,
473 871 512 910 se
535 871 831 911 intercessuros
851 871 1228 922 senatusconsulto,
1258 871 1289 912 si
1310 871 1460 925 depor-

131 933 283 980 tandos
304 929 529 971 censerent
549 930 778 979 exercitus,
815 929 1152 979 denuntiabant;
1189 930 1274 979 illi,
1301 929 1330 968 fi
1354 929 1459 968 haec

131 989 370 1032 intercessio
390 988 507 1025 fieret
522 1017 533 1036 ,
563 987 725 1024 nullam
745 1001 835 1025 rem
856 988 981 1026 aliam
1001 986 1041 1025 se
1062 987 1237 1027 decerni
1256 986 1465 1040 passuro&

132 1051 253 1090 Victa
280 1044 491 1100 postremo
520 1043 755 1085 absentium
783 1046 911 1098 gratia
939 1043 1019 1092 est,
1063 1056 1104 1083 et
1130 1043 1461 1084 senatusconsul-

131 1119 219 1147 tum
244 1104 397 1157 factum
412 1132 424 1151 ,
477 1101 529 1140 Ut
549 1115 755 1157 praetores
780 1115 949 1154 quatuor
970 1100 1093 1140 millia
1117 1101 1294 1155 peditum
1327 1100 1463 1140 Roma·¹

134 1176 275 1205 norum
301 1161 536 1213 scriberent,
565 1158 877 1214 quadringentos
908 1162 1078 1212 equites,
1109 1171 1146 1197 et
1173 1163 1345 1213 quinque
1376 1156 1462 1198 mil·

132 1222 184 1263 lia
204 1221 404 1275 sociorum
432 1216 609 1269 peditum
639 1216 774 1257 Latini
800 1219 990 1264 nominis,
1032 1219 1277 1271 quingentos-
1292 1219 1463 1270 equites-4

133 1293 231 1335 quos
263 1277 390 1333 secum
424 1278 464 1314 in
505 1273 731 1325 Hispaniam
767 1287 994 1327 portarent.
1055 1287 1139 1313 cum
1186 1286 1251 1314 ear
1290 1273 1462 1328 legiones.
1493 1293 1499 1300 -

134 1349 304 1392 quatuor
337 1331 635 1387 descripsissem,
673 1331 781 1386 quod
808 1331 922 1386 plus,
962 1343 1074 1384 quam
1098 1333 1219 1385 quina
1246 1330 1365 1371 millia
1395 1344 1464 1383 pe-

135 1395 282 1440 ditum,
332 1393 499 1431 trecenti
526 1392 702 1442 equites,
749 1392 789 1428 in
816 1387 1364 1445 singulislegionibus‘effet,
1401 1387 1460 1428 dn·-

131 1457 354 1494 mitterent:
404 1461 466 1487 eos
495 1451 686 1499 primum,
737 1450 807 1499 qui
837 1449 994 1486 emerita
1013 1445 1213 1498 stipendia
1247 1444 1472 1493 haberent}

135 1508 292 1553 deinde,
327 1519 372 1545 ut
391 1506 576 1558 cujusque
597 1505 817 1560 fortissima
849 1519 970 1560 opera
994 1502 1239 1556 Calpurnius
1268 1516 1307 1543 et
1333 1501 1459 1555 Quin·

134 1572 234 1610 etius
256 1569 296 1607 in
315 1563 465 1620 proelio
485 1562 541 1610 ufi
563 1556 689 1617 effentss
1341 1584 1343 1588 .
1367 1586 1370 1589 ·
1452 1564 1466 1585 *³

245 1681 430 1721 XXXIX.
490 1680 579 1719 Hac
602 1677 740 1718 sedata
765 1677 1064 1728 contentione,
1105 1677 1186 1716 alia
1213 1675 1391 1716 subinde
1411 1672 1458 1718 C.'
1498 1707 1500 1712 f
1524 1683 1527 1686 “

135 1739 320 1782 Decimii
351 1739 553 1793 praetoris
576 1748 711 1776 morte
743 1743 885 1775 exorta
916 1736 984 1777 est.
1044 1738 1121 1775 Cn.
1143 1735 1322 1775 Sicinius
1352 1745 1392 1773 et
1411 1735 1458 1774 L.

135 1799 306 1852 Pupius,
350 1796 421 1850 qui
450 1795 603 1834 aediAes
636 1796 827 1848 proximo
847 1808 964 1832 anno
983 1792 1175 1842 fuerant,
1209 1803 1250 1831 et
1268 1794 1314 1832 vC.
1337 1793 1461 1833 Vale-

134 1857 216 1895 rius
239 1856 394 1893 flamen
414 1852 552 1891 Dialis
573 1863 614 1890 et
636 1855 686 1903 Q.
712 1852 878 1892 Fulvius
901 1852 1070 1890 Flaccus
1092 1851 1161 1901 (is,
1193 1850 1291 1904 quia
1311 1848 1458 1889 aedilis

132 1914 285 1952 curulis
307 1910 538 1964 designatus
562 1919 672 1959 erat,
702 1909 792 1948 fine
810 1920 903 1963 toga
921 1908 1128 1958 candida,
1167 1907 1240 1947 sed
1272 1907 1457 1947 maxima

134 1986 185 2010 ex
207 1971 402 2009 omnibus
425 1967 723 2015 contentione)
739 1969 951 2022 petebant.
980 1978 1280 2020 certamenque
1299 1965 1338 2004 ei
1357 1978 1457 2004 cum

133 2028 301 2067 flamine
324 2038 424 2066 erat.
465 2037 505 2063 et
526 2024 739 2078 postquam
762 2026 899 2079 primo
918 2038 1111 2078 aequare,
1140 2038 1239 2064 mox
1257 2022 1474 2076 superare.

131 2087 256 2125 etiam
278 2084 334 2124 est
365 2083 491 2134 visus,
529 2097 624 2136 pars
654 2084 922 2122 tribunorum
951 2084 1086 2135 plebis
1114 2095 1294 2135 negare,
1333 2080 1456 2119 ratio-

133 2157 236 2182 nem
264 2144 348 2197 ejus
379 2136 620 2181 habendam
651 2139 757 2190 esse,
801 2139 912 2193 quod
936 2139 1038 2180 duos
1061 2138 1176 2178 fimul
1194 2137 1458 2191 uuusgmagif
1513 2174 1517 2178 .

132 2200 292 2249 stratus,
316 2199 560 2254 praesertim
580 2199 757 2247 curules,
778 2212 920 2250 neque
941 2211 1092 2251 capere
1110 2194 1256 2250 posset,
1287 2209 1370 2235 nec
1387 2192 1456 2248 ge*-

130 2272 247 2297 rere:
286 2271 383 2311 pars
404 2258 561 2309 legibus
583 2270 680 2294 eum
701 2256 799 2295 solvi
822 2269 998 2308 aequum
1021 2254 1206 2302 censere,
1236 2263 1294 2302 ut,
1328 2265 1457 2306 quem

133 2317 267 2364 vellet,
292 2326 529 2369 praetorem
551 2313 726 2351 creandi
748 2313 903 2367 populo
922 2312 1096 2367 potestas
1117 2312 1246 2350 fieret.
1293 2311 1336 2350 L.
1359 2311 1456 2349 Por-

130 2374 216 2412 cius
240 2372 384 2411 consul
414 2373 551 2425 primo
573 2373 621 2410 in
641 2385 688 2410 ea
715 2370 925 2409 sententia
945 2364 1051 2420 esse,
1090 2383 1148 2408 ne
1174 2382 1338 2407 nomen
1366 2368 1456 2421 ejus

131 2433 349 2484 acciperet.
411 2428 570 2469 deinde
583 2459 594 2478 ,
626 2439 670 2466 ut
690 2443 743 2467 ex
764 2429 1005 2468 auctoritate
1026 2427 1192 2466 senatus
1210 2426 1324 2465 idem
1344 2423 1452 2464 face·

134 2499 216 2534 ret,
246 2490 485 2529 convocatis
505 2487 717 2539 Patribus,
747 2486 904 2539 referre
917 2485 962 2541 se
994 2484 1151 2536 «deos,
1183 2483 1314 2535 dixit,
1345 2479 1454 2536 quod

1385 2551 1454 2578 nec
