1548 2703
157 115 243 170 516
472 111 683 153 LIBER
724 111 849 148 xm.
884 106 1022 150 ‘cst
1066 113 1113 158 X·
1152 113 1219 151 xx.

299 185 352 235 U.
373 184 416 221 C.
439 185 536 236 579.
558 183 653 221 580.
930 194 964 219 a.
989 182 1032 218 C.
1058 181 1110 217 N.
1138 184 1229 230 173.
1259 195 1349 230 172.

160 265 243 304 late
263 263 508 317 operirent.
539 257 590 296 ad
615 272 738 310 quam
768 257 924 310 pestem
954 258 1123 313 frugum
1152 260 1383 300 tollendam
1406 262 1486 300 Cn.

160 321 340 360 Sicinius
367 326 537 369 praetor
568 314 646 353 des
623 325 823 369 agnatus,
885 330 977 354 cum
1011 318 1190 369 imperio
1217 319 1266 356 in
1290 316 1489 371 Apuliam

158 374 328 423 missus,
388 373 555 427 ingenti
595 373 763 425 agmine
794 373 1016 412 homiuum
1049 373 1100 412 ad
1132 374 1387 428 colligendas
1418 388 1487 414 eas

160 442 323 480 coacto,
362 432 620 483 aliquantum
646 430 846 483 temporis
871 430 1074 469 absumsit.
1136 432 1391 486 Principium
1422 433 1488 471 in-

142 488 373 544 sequentis
403 488 532 536 anni,
589 502 670 540 quo
699 488 742 526 C.
777 488 970 541 Popillius
1001 499 1040 527 et
1069 490 1119 529 P..
1141 489 1284 527 Aelius
1314 487 1486 528 fuerunt

160 546 375 594 consules,
409 543 591 587 reliduas
614 545 911 584 contentiones
934 559 987 584 ex
1009 547 1149 598 priore
1179 548 1299 584 anno
1326 545 1482 585 habuit.

159 606 298 644 Patres
327 601 479 642 referri
502 601 554 640 de
576 603 813 654 Liguribus,
853 603 1135 655 renovarique
1158 601 1485 641 senatusconsul-

159 673 247 700 tum
277 661 500 708 volebant,
540 669 580 697 et
612 657 754 697 consul
775 659 918 699 Aelius
947 658 1168 698 referebat.
1229 660 1423 713 Popillius
1450 707 1452 709 Ι

109 723 116 726 ’
158 720 360 770 collegam
392 728 432 756 et
460 715 647 755 senatum
679 730 757 768 pro
786 715 916 755 fratre
942 716 1270 766 deprecabatur3
1309 730 1412 771 prae
1431 670 1485 756 ἕ

157 775 318 824 ferens,
350 773 492 827 fiquid
506 772 802 823 decernerent,
834 773 1168 823 intercessurum,
1197 775 1400 827 collegam
1415 773 1484 812 de·

156 834 319 873 terruit.
381 833 540 880 Patres,
578 845 627 870 eo
653 832 780 884 magis
803 833 967 884 utrique
990 832 1148 885 pariter
1173 830 1390 878 coffulum
1419 832 1484 871 in·

155 890 286 938 senii,
315 890 365 928 in
384 900 531 942 coepto
551 887 802 941 perstabant.
864 889 1030 955 Itaque?
1065 903 1158 928 curn
1177 888 1232 928 de
1251 889 1482 943 provinciis

157 958 374 1002 ageretur,
416 957 456 985 et
485 945 756 994 Macedonia,
795 947 877 999 jam
909 947 1164 985 imminente
1193 945 1325 985 Persei
1356 947 1479 996 bello,

156 1016 383 1060 peteretur,
401 1004 568 1056 Ligures
588 1005 788 1042 ambobus
807 1003 1045 1043 consuhbus
1067 1004 1371 1042 decernuntur.
1394 1004 1480 1042 Ma-

146 1062 378 1103 cedoniam
411 1059 670 1099 decreturos
680 1072 858 1114 negant,
898 1062 946 1100 ni
981 1060 1034 1099 de
1064 1063 1122 1101 Μ.
1147 1062 1320 1114 Popillio
1350 1060 1481 1100 refer-

155 1124 287 1162 retur'.
343 1117 640 1157 postulantibus
675 1118 853 1168 deinde,
896 1129 940 1157 ut
970 1132 1102 1158 novos
1138 1119 1344 1158 exercitus
1382 1117 1480 1157 scri-

154 1179 288 1226 bere‚‘
306 1187 350 1214 ut
372 1175 711 1228 supplementum
734 1178 941 1230 veteribus
964 1177 1128 1226 liceret,
1146 1186 1384 1229 'utrumque
1405 1189 1479 1215 ne-

98 1236 101 1239 ’
131 1254 133 1257 v
154 1246 295 1289 gatum
314 1232 382 1272 est.
409 1233 672 1272 Praetoribus
693 1248 856 1287 quoque
875 1235 921 1272 in
946 1235 1193 1287 Hispaniam
1212 1233 1478 1287 supplemen-

155 1304 243 1331 tum
271 1291 510 1345 petentibus
534 1301 754 1344 negatum:
793 1293 848 1330 Μ.
878 1292 1001 1330 Junio
1030 1293 1077 1330 in
1100 1288 1367 1340 citeriorem,
1407 1291 1475 1344 Sp.

155 1350 347 1390 Lucretio
368 1349 416 1386 in
436 1348 693 1387 ulteriorem.
735 1351 778 1388 C.
801 1349 983 1387 Licinius
1004 1348 1167 1388 Crassus
1189 1351 1396 1388 urbanam
1416 1349 1476 1401 ju-

154 1406 460 1454 risdictionem,
488 1406 564 1443 Cn.
589 1406 765 1446 Sicinius
787 1407 900 1445 inter
921 1407 1164 1459 peregrinos
1187 1418 1275 1444 erat
1295 1405 1473 1454 sortitus,

146 1466 200 1504 C.
222 1463 444 1503 Memmius
466 1462 667 1511 Siciliam,
699 1465 765 1516 Sp.
787 1465 953 1503 Cluvius
976 1463 1224 1502 Sardiniam.
1259 1462 1474 1511 Consules,
1524 1475 1529 1478 ·

154 1523 207 1561 ob
231 1535 279 1560 ea
309 1520 404 1559 irati
435 1518 615 1568 senatui,
649 1521 805 1560 Latinis
835 1520 952 1560 feriis
982 1521 1029 1559 in
1059 1522 1240 1574 primam
1266 1533 1473 1573 quamque

157 1578 271 1618 diem
292 1576 508 1626 indictis,
499 1590 547 1615 1n
566 1579 826 1631 provinciam
850 1579 984 1616 abitui
987 1592 1029 1617 os
1046 1578 1125 1616 esse
1142 1577 1474 1626 denuntiarunt3

93 1640 95 1642 “
152 1650 236 1675 nec
258 1634 484 1689 quidquam
506 1635 761 1688 reipublicae
781 1647 893 1674 actm·
897 1649 952 1683 os,
979 1645 1143 1689 praeter
1147 1651 1269 1689 quam
1287 1633 1399 1689 quod
1419 1633 1474 1674 ad

151 1693 472 1748 provinciarum
495 1691 902 1733 administrationem
924 1694 1135 1734 attineret
1482 1714 1485 1715 ⁷

265 1809 336 1847 XI.
376 1804 583 1856 Attalum,
622 1808 728 1861 regis
750 1789 951 1847 Eumenis
970 1806 1164 1857 fratrem,
1201 1807 1380 1860 legatum
1400 1820 1468 1847 ve-

149 1864 260 1906 nisse
280 1866 483 1914 Romam,
511 1866 701 1918 Valerius
720 1864 869 1908 Antias
891 1866 955 1904 his
978 1865 1212 1915 consulibus
1232 1865 1384 1913 scribit,
1414 1864 1470 1903 ad

140 1922 385 1963 deferenda
415 1921 466 1961 de
490 1922 635 1961 Perseo
657 1923 856 1971 crimina,
884 1923 1214 1976 indicandosque
1243 1920 1465 1976 apparatus

147 1981 263 2021 belli.
292 1980 473 2019 plurium
496 1981 686 2030 annales,
711 1991 750 2019 et
770 1982 916 2033 quibus
936 1980 1157 2021 credidisse
1177 1978 1465 2033 malis,··ipsum
1500 2020 1502 2022 ,

147 2037 388 2078 Eumenem
428 2037 588 2077 venisse
624 2038 807 2077 tradunt.
865 2039 1079 2077 Eumenes
1114 2039 1261 2092 igitur,
1301 2049 1346 2074 ut
1383 2037 1465 2074 Ro.

148 2110 263 2135 mam
286 2096 426 2149 venit,
457 2106 652 2160 exceptus
676 2110 766 2134 cum
796 2107 912 2134 tanto
932 2097 1116 2145 honore,
1149 2104 1349 2159 quant-um
1370 2106 1464 2132 non.

147 2154 308 2193 meritis
331 2163 488 2191 tantum
510 2153 722 2205 ej11s‚sed
746 2155 956 2193 beneficiis
986 2155 1110 2192 etiam
1138 2152 1236 2201 suis,
1271 2151 1464 2203 ingentia

147 2224 253 2265 quae
274 2211 322 2249 in
343 2224 436 2249 eum
458 2209 650 2263 congesta
671 2222 812 2260 er,ant
845 2211 1095 2250 existimaret
1115 2209 1257 2249 deberi
1284 2209 1462 2262 populus
1480 2213 1489 2215 “

144 2268 388 2315 Romanus,
419 2268 466 2306 iu
487 2266 675 2308 senatum
698 2269 754 2307 est
776 2264 1048 2308 introffductus.
1114 2266 1265 2319 Causam
1285 2264 1462 2304 veniendi

137 2323 214 2374 fibi
238 2324 389 2364 Romam
401 2324 543 2377 fuiffe,
575 2324 700 2375 dixit,
733 2339 893 2378 praeter
915 2326 1162 2378 cupiditatem
1184 2322 1327 2376 visendi
1352 2318 1460 2362 Deos

144 2379 408 2434 hominesque,
448 2395 612 2434 quorum
642 2382 818 2434 beneficio
846 2387 898 2422 in
926 2399 966 2422 ea
985 2382 1157 2435 fortuna
1191 2382 1299 2433 effer,
1333 2379 1459 2433 supra

115 2452 256 2493 quam
288 2452 334 2478 ne
363 2452 504 2492 optare
535 2439 686 2492 quidem
715 2440 896 2490 auderet,
934 2445 1044 2482 etiam
1073 2452 1116 2479 ut
1146 2453 1269 2479 coram
1290 2447 1460 2477 moneret

132 2496 329 2551 senatum,
369 2509 413 2536 ut
442 2496 572 2550 Persei
610 2500 753 2539 conatis
794 2499 936 2540 obviam
974 2502 1066 2540 iret
1128 2496 1255 2541 Olsus
1293 2492 1458 2591 indgha
1488 2512 1498 2517 “

800 2563 803 2567 “
1427 2565 1458 2591 ι-
