1548 2703
249 49 282 90 1.
302 50 323 89 1
342 47 377 88 Β
399 47 436 89 E
455 49 497 88 R
540 47 731 102 XXXIII.
793 49 902 87 CAP.
927 46 1225 88 xmlsxmn.
1347 58 1430 102 119

200 121 250 159 U.
275 120 318 180 C.
340 120 440 164 556.
464 123 563 168 557.
877 131 912 155 a.
936 119 981 156 C.
1007 117 1060 156 N.
1089 119 1180 170 196.
1210 121 1304 169 195.

61 206 64 208 ’
82 214 187 254 que,
221 197 333 252 quod
354 196 612 251 stipendium
633 210 710 250 per
727 197 891 234 'bellum
919 210 1012 235 non
1032 183 1320 245 contulissent,
1349 209 1422 249 pe·

82 259 242 296 iebant.
304 256 356 308 ab
376 254 659 295 sacerdotibus
686 253 850 292 tribuni
883 252 1172 306 nequidquam
1205 253 1420 307 appellati,

0 324 19 358 *3
82 315 360 366 omniumque
374 326 604 360 annorum,
638 325 716 365 per
735 323 837 364 quos
856 324 949 349 non
971 309 1192 360 dederant,
1223 321 1419 350 exaetum

17 389 19 396 ⁸
81 371 151 411 est.
213 369 376 410 Eodem
407 384 525 409 anno
556 368 640 408 duo
669 369 825 407 mortui
855 368 1096 421 pontifices,
1141 369 1329 422 novique
1360 368 1412 408 in

17 436 18 464 ;
80 435 226 468 eornm
252 428 389 466 locum
419 425 605 475 suffecti,
665 427 724 465 M.
757 426 980 465 Marcellus
1017 423 1162 465 consul
1195 426 1245 464 in
1275 426 1416 465 locum

15 487 17 489 ’
81 488 125 525 C.
146 485 386 538 Sempronii
409 483 636 530 Tuditani,
674 483 745 536 qui
774 494 944 537 praetor
963 483 1024 525 ,in
1049 483 1254 536 Hispania
1277 481 1416 523 deces-

15 593 16 596 ,
78 543 209 582 serat:
245 553 286 581 et
305 544 349 580 L.
370 542 560 580 Valerius
583 541 632 580 in
652 541 788 579 locum
825 543 880 580 M.
908 540 1095 580 Cornelii
1112 540 1298 594 Cethegi.
1357 539 1414 579 Et

80 601 131 651 Q.
165 599 314 648 Fabius
347 597 556 638 Maximus
586 611 716 650 augur
746 609 934 637 mortuus
964 596 1024 637 est
1055 596 1287 637 admodum
1316 595 1414 637 ado·

77 656 264 706 lerneus,
302 655 545 709 priusquam
567 656 699 694 ullum
720 653 1005 709 magistratum
1027 666 1214 712 caperet:
1256 668 1340 695 nec
1362 668 1414 694 eo

13 724 14 727 ’
78 728 198 754 anno
229 727 356 767 augur
386 714 435 752 in
461 714 548 766 ejus
574 714 709 752 locum
740 711 800 755 ess
826 711 1036 753 suffectus.
1097 712 1276 753 Comitia
1306 711 1416 752 inde

78 771 313 812 consularia
342 771 480 809 habita
509 785 533 809 a
562 772 620 810 M.
648 771 850 811 Marcello
881 769 1068 811 consule.
1111 771 1242 810 creati
1262 769 1413 811 consu-

77 830 136 869 les
159 830 203 868 L.
223 828 411 867 Valerius
441 829 630 877 Flaccus,
666 829 724 867 M.
749 828 915 867 Porcius
936 829 1050 867 Cato.
1111 829 1325 869 Praetores
1344 827 1414 870 in.-

11 890 12 904 ³
77 885 131 926 de
158 885 256 927 faeti
282 886 326 924 C.
348 886 564 925 Fabricius
594 885 818 935 Luscinus,
861 887 905 925 C.
925 884 1095 926 Atinius
1128 886 1291 936 Labeo,
1328 887 1411 925 Cn.

75 944 261 984 Manlius
280 942 429 992 Vulso,
459 942 541 997 Ap.
564 942 759 983 Claudius
782 943 925 993 Nero,
954 945 996 985 P.
1016 944 1216 993 Manlius,
1247 945 1289 982 P.
1314 944 1413 982 Por-

75 1001 161 1039 cius
189 1001 334 1054 Laeca.
408 999 578 1040 Aediles
613 1002 801 1050 curules,
851 1002 909 1040 M.
942 1001 1110 1041 Fulvius
1145 1001 1340 1041 Nobilior
1366 1010 1412 1040 et

76 1059 121 1098 C.
138 1058 381 1107 Flaminius,
409 1058 536 1099 tritici
557 1057 692 1097 decies
713 1069 886 1097 centum
913 1059 1047 1098 millia
1067 1058 1178 1098 binis
1203 1059 1313 1098 aeris
1335 1072 1408 1113 po-

8 1156 9 1163 *
74 1117 173 1170 pulo
194 1114 450 1154 divis-arunt:
482 1114 528 1155 id
549 1116 592 1154 C.
616 1115 815 1155 Flaminii
833 1115 1010 1155 honoris
1031 1116 1149 1154 eausa
1168 1115 1306 1169 ipfius,
1336 1129 1411 1170 pa·

74 1173 254 1225 trisque,
285 1170 547 1211 advexerant
574 1173 697 1211 Siculi
719 1173 916 1211 Romam.
977 1174 1208 1213 Flaminius
1228 1174 1407 1227 gratiam

7 1276 8 1279 Ἰ
76 1229 163 1284 ejus
174 1230 565 1280 eommunicaverat
591 1243 686 1268 cum
711 1231 880 1284 collega.
938 1229 1047 1270 Ludi
1065 1230 1254 1270 Romani
1277 1241 1317 1270 et
1335 1244 1405 1285 ap-

6 1314 7 1323 .
41 1282 46 1287 ⁵
73 1285 207 1341 parati
235 1285 457 1340 magnifiee
488 1286 608 1335 funt,
654 1297 696 1325 et
726 1297 791 1326 ter
812 1288 898 1330 ,toti
934 1287 1167 1327 instaurati.
1197 1322 1204 1326 .
1230 1286 1407 1328 Aediles

6 1365 7 1380 η
71 1344 232 1398 plebis,
262 1345 342 1382 Cn.
363 1343 576 1383 Domitius
595 1343 907 1385 Ahenobarbus
927 1355 969 1384 et
995 1346 1039 1385 C.
1064 1345 1308 1385 Scribonius
1329 1347 1408 1385 Cu-

72 1402 156 1447 rio,
197 1401 351 1440 multos
377 1402 597 1455 pepuarios
625 1401 678 1439 ad
710 1403 855 1456 populi
874 1401 1078 1455 judicium
1107 1402 1406 1443 adduxerunt:

73 1456 157 1498 tres
179 1473 233 1498 ex
252 1458 319 1498 his
338 1457 615 1498 condemnati
628 1458 748 1507 sunt;
773 1473 826 1499 ex
847 1474 992 1499 eorum
1007 1461 1408 1515 mulctaticiapecu-

72 1516 146 1554 nia
176 1515 326 1555 aedem
357 1515 558 1562 ininsula
588 1517 721 1556 Fauni
739 1516 946 1556 fecerunt.
1007 1517 1114 1566 Ludi
1141 1519 1300 1574 plebeji
1327 1530 1406 1574 per

72 1571 247 1616 biduum
264 1571 504 1624 instaurati,
535 1583 575 1611 et
595 1576 765 1627 epulum
785 1574 864 1614 Fuit
881 1574 1078 1619 ludorum
1100 1574 1232 1615 eausa.

180 1687 337 1743 XLIII.
396 1690 441 1728 L.
464 1689 656 1729 Valerius
679 1681 848 1729 Flaceus
868 1701 910 1730 et
931 1692 990 1730 Μ.
1011 1692 1192 1743 Porcius,
1225 1688 1404 1746 quodie

73 1745 356 1799 magistratum
385 1747 603 1795 inieruntg
655 1746 707 1786 de
739 1749 970 1802 provinciis
999 1763 1094 1788 cum
1125 1749 1179 1790 ad
1207 1749 1403 1791 senatum

72 1801 329 1853 retulissent,
368 1805 507 1846 Patres
528 1803 806 1854 censuerunt,
845 1805 944 1844 Cum
972 1808 1012 1846 in
1038 1806 1230 1862 Hispania
1252 1817 1405 1847 tantum

73 1859 251 1916 glisceret
290 1859 446 1907 bellum,
506 1873 550 1899 ut
582 1862 662 1916 jam
701 1857 896 1917 constllari
932 1875 972 1902 et
1013 1863 1108 1904 duce
1147 1878 1186 1904 et
1223 1865 1406 1906 exercitu

74 1929 175 1970 opus
198 1916 316 1969 effet,
344 1916 519 1972 placere,
556 1917 725 1970 consules
753 1918 982 1974 Hispaniam
1009 1923 1236 1962 citeriorem
1263 1933 1302 1960 et
1325 1919 1409 1960 Ita·

71 1972 161 2016 liae‘m
184 1976 408 2027 provincias
432 1987 502 2013 aut
528 1988 751 2028 comparare
779 1979 886 2018 inter
898 1976 962 2033 se,
995 1991 1064 2019 aut
1076 1978 1241 2033 sortiri.
1308 1976 1406 2018 Um·

74 2029 266 2083 Hispania
294 2033 502 2085 provincia
533 2030 732 2088 eveniffet,
781 2046 867 2074 eum
895 2034 988 2075 duas
1027 2034 1194 2092 legiones
1223 2047 1262 2076 et
1291 2037 1409 2088 quin-

72 2101 147 2142 que
176 2086 294 2129 millia
313 2087 459 2144 sociam
494 2088 631 2131 Latini
666 2093 858 2142 nominis,
914 2104 953 2131 et
987 2096 1217 2150 quingentos
1259 2094 1409 2146 equites

64 2146 193 2200 secum
234 2159 422 2198 portare,
483 2158 520 2186 et
559 2160 673 2187 naves
709 2147 842 2204 longas
880 2151 1026 2205 viginti
1059 2149 1212 2191 ducere.
1289 2148 1406 2190 Alter

74 2201 201 2259 consul
239 2202 336 2246 duas
374 2202 541 2259 legiones
570 2203 777 2258 scriberet.
837 2205 915 2248 His
958 2206 1123 2249 Galliam
1161 2209 1409 2262 provinciam

64 2259 248 2302 >obtineri
262 2260 360 2315 satis
388 2260 480 2315 effe,
507 2260 657 2314 fractis
685 2265 872 2316 proximo
900 2277 997 2305 anno
1032 2264 1252 2319 Insubrium
1282 2276 1321 2305 et
1335 2262 1411 2304 Bo-

68 2317 203 2372 jorum
230 2319 380 2360 animis.
452 2320 553 2361 Cato
585 2320 858 2374 Hispaniam,
910 2323 1103 2365 Valerius
1147 2323 1310 2364 ltaliam
1350 2320 1410 2362 est

78 2373 251 2413 sortitus.
279 2375 507 2418 'Praetores
525 2375 686 2417 deinde
704 2379 947 2433 provincias
967 2380 1112 2431 sortiti,
1137 2381 1182 2423 C.
1194 2380 1410 2420 Fabricius

79 2429 277 2477 Luscinus
295 2434 529 2483 urbanam,
560 2435 602 2474 C
627 2433 800 2477 Atinius
820 2437 958 2478 Labeo
990 2439 1290 2494 peregrinam,
1329 2438 1410 2477 Cn.

766 2495 805 2535 H
834 2496 864 2546 4
1289 2496 1415 2536 Man-
