1548 2703
122 29 209 77 568
422 30 630 72 LIBER
669 35 818 74 XLIII.
890 33 960 76 C'A
973 50 1005 75 r.
1035 35 1071 78 I.
1098 33 1158 76 II.

306 140 310 144 ,
339 101 410 138 >U.
430 102 474 141 C.
495 105 592 147 581.
936 119 970 143 a.
994 107 1039 144 C.
1061 105 1116 144 N.
1142 90 1456 154 17ἶ.-“-“’

1199 159 1457 174 Ἣ

132 191 183 218 eo
215 175 634 230 dierproficiscantur
664 197 717 222 ex
747 184 874 232 urbe3
927 193 967 221 et
998 194 1201 236 quantum
1229 185 1464 225 accelerare

131 234 322 288 posse-nt,
364 235 542 276 Caffium
572 240 808 289 consulem,
846 241 1086 293 ubicunque
1104 239 1172 289 fit,
1213 242 1462 296 persequan-

129 302 227 341 .tur;
263 293 492 344 nuntient,
524 310 591 335 ne
611 298 767 350 bellum
794 313 890 336 cum
912 297 995 347 ulla
1013 308 1137 351 gente
1162 310 1347 350 moveat,
1382 298 1462 339 nisi

131 363 231 388 cum
262 364 341 402 qua
367 351 533 391 senatus
569 353 805 407 gerendum
835 355 1063 394 censuerat.
1123 355 1260 408 Legati
1289 356 1336 396 hi
1365 371 1461 412 pro·

132 405 253 455 fecti,
299 408 358 447 M.
381 411 600 450 Cornelius
631 412 865 466 CetheguS,
893 414 951 452 M.
981 411 1170 462 Fulvius,
1219 415 1260 452 P.
1280 415 1462 455 Marcius

113 465 242 503 ''Rex-
299 466 434 505 Metus
463 465 516 505 de
537 469 707 508 consule
729 482 849 523 atque
880 470 1067 509 exercitu
1097 469 1256 509 distulit
1283 485 1332 510 eo
1361 482 1462 512 tem-

134 535 238 582 pore
256 522 515 565 muniendae
534 524 749 583 Aquileiae
775 542 931 568 curam.
1383 529 1386 531 ’

266 637 327 676 ΙΙ.
358 639 587 693 Hispaniae
609 641 766 682 deinde‘
784 644 997 697 utriusque
1018 642 1142 697 legati
1162 641 1315 696 aliquot
1335 655 1466 697 popu·

139 692 281 733 lorum
307 695 356 734 in
375 699 566 738 [enatum
583 700 828 740 introducti.
886 701 944 750 Ii,
976 701 1027 739 de
1049 700 1362 754 magistratuum
1383 701 1465 739 Ro-

140 754 371 792 manorum
399 755 575 796 avaritia
601 759 876 812 superbiaque
912 758 1145 812 conquesti,
1183 756 1260 796 nifi
1291 757 1466 811 genibus

140 810 194 847 ab
215 808 362 850 senatu
382 814 620 865 petierunt,
651 831 707 855 ne
727 816 767 855 se
785 817 913 855 socios
934 815 1095 856 foedius
1115 815 1284 869 spoliari
1307 814 1467 855 vexari-

143 881 236 919 que,
268 883 392 921 quam
415 870 563 922 hostes,
591 874 817 929 patiantur.
878 876 980 913 Cum
1005 884 1046 913 et
1067 873 1147 912 alia
1170 872 1349 926 indigna
1371 886 1466 927 que-

143 936 370 976 rerentur,
400 929 672 970 manifestum
694 942 833 970 autem
857 931 977 980 esset,
1013 930 1212 984 pecunias
1234 940 1392 984 capta83
1419 932 1464 970 L.

146 983 348 1037 Canulej'o
370 987 568 1037 praetori,
601 989 669 1040 qui
683 989 926 1042 Hispaniam
939 988 1103 1026 fortitus
1123 998 1224 1036 erat,
1252 988 1467 1040 negotium

148 1038 294 1078 datum
326 1042 404 1091 est,
453 1054 499 1082 ut
529 1045 577 1083 in
606 1045 804 1099 singulos,
846 1061 870 1085 a
899 1046 1043 1098 quibus
1067 1045 1245 1098 Hispani
1265 1044 1469 1099 pecunias

146 1108 355 1150 peterent,
382 1100 529 1153 quinos
550 1114 862 1156 recuperatores
884 1118 935 1142 ex
948 1102 1103 1141 ordine
1112 1102 1319 1141 senatorio
1331 1100 1464 1151 daret,

144 1165 447 1210 patronosque,
480 1174 578 1212 quos
603 1162 781 1211 vellent,
823 1161 1016 1200 sumendi
1037 1159 1279 1214 potestatem
1297 1158 1465 1199 faceret.

146 1213 313 1252 vocatis
332 1213 380 1253 in
403 1217 563 1255 curiam
581 1219 721 1272 legatis
741 1219 963 1258 recitatum
982 1218 1039 1256 est
1057 1216 1466 1266 senatusconsultum,

148 1269 318 1324 }ufs1que
335 1274 563 1314 nominare
582 1288 805 1330 patronos:
837 1287 1010 1329 quatuor
1030 1275 1377 1324 nominaverunt,
1406 1276 1466 1315 M.

150 1328 344 1367 Porcium
361 1332 561 1371 Catonem
577 1364 590 1383 ,
627 1336 666 1373 P.
693 1335 937 1373 Cornelium
957 1336 1034 1373 Cn.
1055 1334 1099 1372 F.
1121 1333 1395 1386 Scipionem,-
1422 1333 1467 1372 L.

150 1382 380 1426 Aemilium
410 1390 452 1429 L.
475 1391 519 1429 F.
549 1392 754 1441 Paullum,
803 1394 846 1430 C.
869 1391 1095 1445 Sulpicium
1117 1392 1301 1430 Gallum.
1362 1392 1469 1430 Ctun

149 1444 209 1484 M.
230 1443 391 1487 Titinio
410 1448 630 1500 primum,
670 1449 739 1503 qui
768 1460 937 1502 praetor
963 1447 1014 1487 A.
1036 1448 1220 1497 Manlio,
1258 1449 1314 1487 M.
1342 1447 1470 1486 Junio

151 1501 389 1542 consulibus
419 1505 469 1543 in
499 1505 693 1545 citeriore
723 1507 928 1560 Hispania
958 1505 1114 1554 fuerat,
1157 1516 1472 1558 recuperatores

151 1558 398 1602 sumserunt.
466 1563 537 1602 Bis
578 1564 816 1619 ampliatus,
875 1564 996 1602 tertio
1034 1563 1237 1602 absolutus
1272 1562 1330 1601 est
1361 1575 1469 1603 reus·

152 1615 366 1658 Diss'enfio
386 1619 502 1659 inter
532 1620 710 1661 duarum
742 1621 1058 1675 provinciarum
1089 1622 1248 1673 legatos‘
1269 1620 1326 1658 est
1355 1631 1470 1659 orta:
1517 1623 1525 1628 ’

154 1674 359 1715 citerioris
381 1678 607 1732 Hispaniae
626 1679 767 1733 populi
781 1680 837 1718 M.
850 1680 1052 1718 Catonem
1075 1689 1114 1716 et
1126 1678 1387 1731 Scipionem3
1412 1678 1470 1718 ul-

151 1732 319 1772 terioris
345 1736 389 1775 L.
412 1737 597 1777 Paullum
625 1749 665 1776 et
685 1738 853 1777 Gallum
875 1736 1101 1789 Sulpicium
1131 1746 1331 1789 patronos
1366 1735 1470 1774 [uin-

150 1790 309 1831 l'erunt.
367 1791 437 1831 Ad
458 1806 774 1849 recuperatores
796 1793 964 1832 adducti
984 1809 1008 1832 a
1022 1794 1287 1832 citerioribus
1305 1793 1469 1847 populis

153 1847 195 1887 P.
234 1849 381 1888 Furius
417 1851 576 1902 Philus,
628 1855 679 1891 ab
719 1852 985 1891 ulterioribus
1021 1853 1078 1891 M.
1113 1851 1332 1890 Matienus.
1393 1851 1470 1890 Ille

151 1905 222 1959 Sp.
255 1907 485 1960 Postumio,
521 1911 573 1962 Q.
601 1911 739 1950 Mucio
768 1908 1002 1953 consulibus
1031 1909 1218 1948 triennio
1244 1918 1365 1957 ante,
1398 1906 1471 1947 hic

152 1963 333 2004 biennio
370 1967 508 2020 prius,
567 1971 610 2008 L.
651 1967 876 2017 Postumio,
933 1968 990 2006 M.
1017 1967 1185 2020 ,Popilio
1224 1965 1470 2016 consulibus,

150 2033 323 2074 praetor
342 2022 490 2065 fuerat.
518 2025 776 2066 Gravissimis
797 2024 1042 2064 criminibus
1068 2024 1241 2063 accusati
1252 2025 1471 2062 amboam-

153 2079 372 2134 pliatique:
412 2097 507 2122 cum
534 2083 716 2123 dicenda
738 2082 791 2121 de
810 2083 976 2135 integro
997 2082 1114 2121 causa
1133 2081 1253 2130 esset,
1291 2081 1470 2120 excusati
1495 2096 1497 2098 ·

149 2136 282 2176 exsilii
303 2139 422 2179 causa
438 2141 570 2180 solum
589 2141 767 2182 vert'tffe.
827 2140 974 2180 Furius
995 2139 1235 2188 Praeneste,
1263 2139 1472 2178 Matienus

149 2194 286 2234 Tibur
310 2198 538 2239 exsulatum
559 2200 768 2243 abierunt.
827 2198 953 2236 Fama
974 2208 1084 2247 erat,
1114 2196 1331 2250 prohiberi
1358 2211 1381 2235 a
1401 2211 1469 2250 pa·

148 2252 285 2291 tronis
306 2256 469 2295 nobiles
487 2272 534 2296 ac
553 2267 742 2311 potentes
775 2256 1050 2309 compellare3
1077 2254 1278 2306 auxitque
1297 2268 1391 2292 eam
1409 2253 1470 2293 su-

147 2308 381 2363 spicionem
399 2316 618 2370 Canulejus
641 2324 810 2369 praetor
823 2342 834 2362 ,
868 2311 999 2366 quod,
1028 2311 1174 2350 omissa
1193 2325 1240 2349 ea
1259 2326 1330 2361 re,
1359 2311 1477 2350 dele--

149 2376 264 2407 etum
284 2369 440 2410 habere
461 2372 652 2412 instituit.
683 2371 784 2410 dein
805 2381 982 2425 repente
1003 2370 1051 2408 in
1071 2368 1336 2423 provinciam
1357 2368 1470 2417 abiit,

146 2437 206 2465 ne
224 2426 366 2480 plures
385 2432 436 2469 ab
451 2430 653 2485 Hispanis
668 2440 938 2473 vexarentur.
969 2428 1045 2478 Ita,
1063 2425 1297 2482 praeteritis
1307 2425 1471 2501 silentio

207 2505 209 2507 .
1372 2483 1470 2523 01)ιί-
