<?xml version="1.0" encoding="UTF-8"?>
<!DOCTYPE html PUBLIC "-//W3C//DTD XHTML 1.0 Transitional//EN"
    "http://www.w3.org/TR/xhtml1/DTD/xhtml1-transitional.dtd">
<html xmlns="http://www.w3.org/1999/xhtml" xml:lang="en" lang="en">
 <head>
  <title>
</title>
<meta http-equiv="Content-Type" content="text/html;charset=utf-8" />
  <meta name='ocr-system' content='tesseract 3.04.00' />
  <meta name='ocr-capabilities' content='ocr_page ocr_carea ocr_par ocr_line ocrx_word'/>
</head>
<body>
  <div class='ocr_page' id='page_1' title='image "./historiarumlib03livyuoft_0036.png"; bbox 0 0 1548 2703; ppageno 0'>
   <div class='ocr_carea' id='block_1_1' title="bbox 107 62 1299 199">
    <p class='ocr_par' dir='ltr' id='par_1_1' title="bbox 107 62 1299 199">
     <span class='ocr_line' id='line_1_1' title="bbox 107 62 1299 145; baseline 0 -20"><span class='ocrx_word' id='word_1_1' title='bbox 107 87 164 132; x_wconf 80' lang='lat'><strong>30</strong></span> <span class='ocrx_word' id='word_1_2' title='bbox 276 84 309 124; x_wconf 88' lang='lat' dir='ltr'>L</span> <span class='ocrx_word' id='word_1_3' title='bbox 333 84 354 122; x_wconf 92' lang='lat'>1</span> <span class='ocrx_word' id='word_1_4' title='bbox 374 83 408 123; x_wconf 86' lang='lat' dir='ltr'>B</span> <span class='ocrx_word' id='word_1_5' title='bbox 429 82 463 123; x_wconf 80' lang='lat' dir='ltr'>E</span> <span class='ocrx_word' id='word_1_6' title='bbox 486 83 528 123; x_wconf 80' lang='lat' dir='ltr'>R</span> <span class='ocrx_word' id='word_1_7' title='bbox 566 83 710 122; x_wconf 71' lang='lat' dir='ltr'><strong>xxxt.</strong></span> <span class='ocrx_word' id='word_1_8' title='bbox 735 62 741 73; x_wconf 75' lang='grc'><strong><em>”</em></strong></span> <span class='ocrx_word' id='word_1_9' title='bbox 770 78 1094 145; x_wconf 54' lang='lat' dir='ltr'><strong>cia-xxmn.</strong></span> <span class='ocrx_word' id='word_1_10' title='bbox 1115 85 1299 126; x_wconf 78' lang='lat' dir='ltr'><strong>xxxw.</strong></span> 
     </span>
     <span class='ocr_line' id='line_1_2' title="bbox 389 155 1157 199; baseline 0.005 -9"><span class='ocrx_word' id='word_1_11' title='bbox 389 156 435 190; x_wconf 84' lang='lat' dir='ltr'><strong>U.</strong></span> <span class='ocrx_word' id='word_1_12' title='bbox 464 155 506 191; x_wconf 56' lang='grc' dir='ltr'><strong>(ᾳ.</strong></span> <span class='ocrx_word' id='word_1_13' title='bbox 531 155 626 199; x_wconf 62' lang='lat'><strong><em>532.</em></strong></span> <span class='ocrx_word' id='word_1_14' title='bbox 853 168 889 194; x_wconf 88' lang='lat' dir='ltr'><strong>a.</strong></span> <span class='ocrx_word' id='word_1_15' title='bbox 910 155 954 193; x_wconf 94' lang='lat' dir='ltr'><strong>C.</strong></span> <span class='ocrx_word' id='word_1_16' title='bbox 982 155 1035 194; x_wconf 85' lang='lat' dir='ltr'><strong>N.</strong></span> <span class='ocrx_word' id='word_1_17' title='bbox 1062 167 1157 194; x_wconf 86' lang='lat'><strong>200.</strong></span> 
     </span>
    </p>
   </div>
   <div class='ocr_carea' id='block_1_2' title="bbox 68 231 1435 2247">
    <p class='ocr_par' dir='ltr' id='par_1_2' title="bbox 68 231 1435 2247">
     <span class='ocr_line' id='line_1_3' title="bbox 107 231 1434 289; baseline 0.002 -17"><span class='ocrx_word' id='word_1_18' title='bbox 107 232 309 289; x_wconf 78' lang='lat' dir='ltr'><strong>praefecit</strong></span> <span class='ocrx_word' id='word_1_19' title='bbox 332 231 612 281; x_wconf 79' lang='lat' dir='ltr'><strong>Heraclidem,</strong></span> <span class='ocrx_word' id='word_1_20' title='bbox 637 246 762 284; x_wconf 89' lang='lat' dir='ltr'><strong>quem</strong></span> <span class='ocrx_word' id='word_1_21' title='bbox 776 244 815 271; x_wconf 87' lang='lat' dir='ltr'><strong>et</strong></span> <span class='ocrx_word' id='word_1_22' title='bbox 835 243 935 272; x_wconf 80' lang='lat' dir='ltr'><strong>ante</strong></span> <span class='ocrx_word' id='word_1_23' title='bbox 947 232 1220 286; x_wconf 81' lang='lat' dir='ltr'><strong>praefecerat.</strong></span> <span class='ocrx_word' id='word_1_24' title='bbox 1251 235 1338 288; x_wconf 90' lang='lat' dir='ltr'><strong>ipse</strong></span> <span class='ocrx_word' id='word_1_25' title='bbox 1355 246 1434 276; x_wconf 87' lang='lat' dir='ltr'><strong>ter-</strong></span> 
     </span>
     <span class='ocr_line' id='line_1_4' title="bbox 108 289 1433 343; baseline 0.003 -14"><span class='ocrx_word' id='word_1_26' title='bbox 108 290 258 330; x_wconf 89' lang='lat' dir='ltr'><strong>restres</strong></span> <span class='ocrx_word' id='word_1_27' title='bbox 279 290 417 343; x_wconf 88' lang='lat' dir='ltr'><strong>copias</strong></span> <span class='ocrx_word' id='word_1_28' title='bbox 436 291 725 341; x_wconf 84' lang='lat' dir='ltr'><strong>comparabat,</strong></span> <span class='ocrx_word' id='word_1_29' title='bbox 755 302 907 343; x_wconf 82' lang='lat' dir='ltr'><strong>magna</strong></span> <span class='ocrx_word' id='word_1_30' title='bbox 942 289 981 329; x_wconf 90' lang='lat' dir='ltr'><strong>se</strong></span> <span class='ocrx_word' id='word_1_31' title='bbox 1011 289 1094 329; x_wconf 87' lang='lat' dir='ltr'><strong>duo</strong></span> <span class='ocrx_word' id='word_1_32' title='bbox 1121 293 1274 331; x_wconf 81' lang='lat' dir='ltr'><strong>auxilia</strong></span> <span class='ocrx_word' id='word_1_33' title='bbox 1295 292 1433 333; x_wconf 84' lang='lat' dir='ltr'><strong>detra·</strong></span> 
     </span>
     <span class='ocr_line' id='line_1_5' title="bbox 107 345 1433 401; baseline 0.003 -15"><span class='ocrx_word' id='word_1_34' title='bbox 107 347 212 387; x_wconf 84' lang='lat' dir='ltr'><strong>xisse</strong></span> <span class='ocrx_word' id='word_1_35' title='bbox 231 347 437 386; x_wconf 83' lang='lat' dir='ltr'><strong>Romanis</strong></span> <span class='ocrx_word' id='word_1_36' title='bbox 455 345 652 394; x_wconf 76' lang='lat' dir='ltr'><strong>credens,</strong></span> <span class='ocrx_word' id='word_1_37' title='bbox 684 359 737 384; x_wconf 86' lang='lat' dir='ltr'><strong>ex</strong></span> <span class='ocrx_word' id='word_1_38' title='bbox 757 361 843 385; x_wconf 88' lang='lat' dir='ltr'><strong>una</strong></span> <span class='ocrx_word' id='word_1_39' title='bbox 865 357 981 401; x_wconf 87' lang='lat' dir='ltr'><strong>parte</strong></span> <span class='ocrx_word' id='word_1_40' title='bbox 1002 347 1198 398; x_wconf 70' lang='lat' dir='ltr'><strong>Aetolos,</strong></span> <span class='ocrx_word' id='word_1_41' title='bbox 1229 363 1282 389; x_wconf 85' lang='lat' dir='ltr'><strong>ex</strong></span> <span class='ocrx_word' id='word_1_42' title='bbox 1301 350 1433 390; x_wconf 73' lang='lat' dir='ltr'><strong>altera</strong></span> 
     </span>
     <span class='ocr_line' id='line_1_6' title="bbox 105 402 1433 457; baseline 0.002 -13"><span class='ocrx_word' id='word_1_43' title='bbox 105 403 356 453; x_wconf 80' lang='lat' dir='ltr'><strong>Dardanos,</strong></span> <span class='ocrx_word' id='word_1_44' title='bbox 395 402 582 442; x_wconf 78' lang='lat' dir='ltr'><strong>faucibus</strong></span> <span class='ocrx_word' id='word_1_45' title='bbox 612 403 664 442; x_wconf 86' lang='lat' dir='ltr'><strong>ad</strong></span> <span class='ocrx_word' id='word_1_46' title='bbox 696 405 959 457; x_wconf 80' lang='lat' dir='ltr'>Pelagoniam</span> <span class='ocrx_word' id='word_1_47' title='bbox 986 418 1009 442; x_wconf 90' lang='lat' dir='ltr'><strong>a</strong></span> <span class='ocrx_word' id='word_1_48' title='bbox 1030 403 1115 444; x_wconf 79' lang='lat' dir='ltr'><strong>filio</strong></span> <span class='ocrx_word' id='word_1_49' title='bbox 1139 406 1282 446; x_wconf 83' lang='lat' dir='ltr'><strong>Perseo</strong></span> <span class='ocrx_word' id='word_1_50' title='bbox 1303 407 1433 446; x_wconf 55' lang='lat' dir='ltr'><strong>intera</strong></span> 
     </span>
     <span class='ocr_line' id='line_1_7' title="bbox 105 459 1434 516; baseline 0.002 -15"><span class='ocrx_word' id='word_1_51' title='bbox 105 461 239 501; x_wconf 82' lang='lat' dir='ltr'><strong>clufis.</strong></span> <span class='ocrx_word' id='word_1_52' title='bbox 300 459 368 501; x_wconf 88' lang='lat' dir='ltr'><strong>Ab</strong></span> <span class='ocrx_word' id='word_1_53' title='bbox 388 460 559 500; x_wconf 82' lang='lat' dir='ltr'><strong>consule</strong></span> <span class='ocrx_word' id='word_1_54' title='bbox 588 475 680 500; x_wconf 89' lang='lat' dir='ltr'><strong>non</strong></span> <span class='ocrx_word' id='word_1_55' title='bbox 710 464 960 515; x_wconf 85' lang='lat' dir='ltr'><strong>parabatur,</strong></span> <span class='ocrx_word' id='word_1_56' title='bbox 999 461 1071 502; x_wconf 87' lang='lat' dir='ltr'><strong>sed</strong></span> <span class='ocrx_word' id='word_1_57' title='bbox 1100 465 1322 516; x_wconf 83' lang='lat' dir='ltr'><strong>gerebatur</strong></span> <span class='ocrx_word' id='word_1_58' title='bbox 1347 464 1434 516; x_wconf 81' lang='lat' dir='ltr'><strong>jani</strong></span> 
     </span>
     <span class='ocr_line' id='line_1_8' title="bbox 103 517 1434 573; baseline 0.002 -14"><span class='ocrx_word' id='word_1_59' title='bbox 103 521 278 559; x_wconf 73' lang='lat' dir='ltr'><strong>bellum.</strong></span> <span class='ocrx_word' id='word_1_60' title='bbox 309 533 385 573; x_wconf 85' lang='lat' dir='ltr'><strong>per</strong></span> <span class='ocrx_word' id='word_1_61' title='bbox 406 517 738 558; x_wconf 79' lang='lat' dir='ltr'>Dassaretiorum</span> <span class='ocrx_word' id='word_1_62' title='bbox 756 519 863 559; x_wconf 86' lang='lat' dir='ltr'><strong>fines</strong></span> <span class='ocrx_word' id='word_1_63' title='bbox 880 520 1106 559; x_wconf 84' lang='lat' dir='ltr'><strong>exercitum</strong></span> <span class='ocrx_word' id='word_1_64' title='bbox 1128 521 1319 570; x_wconf 86' lang='lat' dir='ltr'><strong>ducebat,</strong></span> <span class='ocrx_word' id='word_1_65' title='bbox 1344 519 1434 561; x_wconf 56' lang='lat' dir='ltr'><strong>fruss</strong></span> 
     </span>
     <span class='ocr_line' id='line_1_9' title="bbox 103 575 1435 633; baseline 0.001 -16"><span class='ocrx_word' id='word_1_66' title='bbox 103 588 311 626; x_wconf 85' lang='lat' dir='ltr'><strong>mentum,</strong></span> <span class='ocrx_word' id='word_1_67' title='bbox 343 575 455 629; x_wconf 84' lang='lat' dir='ltr'><strong>quod</strong></span> <span class='ocrx_word' id='word_1_68' title='bbox 478 591 529 615; x_wconf 84' lang='lat' dir='ltr'><strong>ex</strong></span> <span class='ocrx_word' id='word_1_69' title='bbox 552 576 740 616; x_wconf 84' lang='lat' dir='ltr'><strong>hibernis</strong></span> <span class='ocrx_word' id='word_1_70' title='bbox 765 578 982 627; x_wconf 80' lang='lat' dir='ltr'><strong>extulerat,</strong></span> <span class='ocrx_word' id='word_1_71' title='bbox 1012 578 1225 633; x_wconf 81' lang='lat' dir='ltr'><strong>integrum</strong></span> <span class='ocrx_word' id='word_1_72' title='bbox 1246 579 1435 629; x_wconf 79' lang='lat' dir='ltr'><strong>vehens;</strong></span> 
     </span>
     <span class='ocr_line' id='line_1_10' title="bbox 107 633 1432 690; baseline 0.002 -16"><span class='ocrx_word' id='word_1_73' title='bbox 107 633 220 689; x_wconf 89' lang='lat' dir='ltr'><strong>quod</strong></span> <span class='ocrx_word' id='word_1_74' title='bbox 239 635 287 673; x_wconf 86' lang='lat' dir='ltr'><strong>in</strong></span> <span class='ocrx_word' id='word_1_75' title='bbox 308 634 424 672; x_wconf 88' lang='lat' dir='ltr'><strong>usum</strong></span> <span class='ocrx_word' id='word_1_76' title='bbox 447 634 570 673; x_wconf 82' lang='lat' dir='ltr'><strong>militi</strong></span> <span class='ocrx_word' id='word_1_77' title='bbox 590 633 684 672; x_wconf 85' lang='lat' dir='ltr'><strong>satis</strong></span> <span class='ocrx_word' id='word_1_78' title='bbox 706 633 826 684; x_wconf 78' lang='lat' dir='ltr'><strong>esset,</strong></span> <span class='ocrx_word' id='word_1_79' title='bbox 841 636 1140 688; x_wconf 82' lang='lat' dir='ltr'><strong>praebentibus</strong></span> <span class='ocrx_word' id='word_1_80' title='bbox 1161 638 1282 689; x_wconf 84' lang='lat' dir='ltr'><strong>agris.</strong></span> <span class='ocrx_word' id='word_1_81' title='bbox 1346 638 1432 690; x_wconf 87' lang='lat' dir='ltr'><strong>Op·-</strong></span> 
     </span>
     <span class='ocr_line' id='line_1_11' title="bbox 104 691 1430 748; baseline 0.001 -16"><span class='ocrx_word' id='word_1_82' title='bbox 104 691 205 748; x_wconf 86' lang='lat' dir='ltr'><strong>pida</strong></span> <span class='ocrx_word' id='word_1_83' title='bbox 230 692 390 745; x_wconf 84' lang='lat' dir='ltr'><strong>vicique</strong></span> <span class='ocrx_word' id='word_1_84' title='bbox 410 692 564 745; x_wconf 85' lang='lat' dir='ltr'><strong>partim</strong></span> <span class='ocrx_word' id='word_1_85' title='bbox 580 693 807 741; x_wconf 81' lang='lat' dir='ltr'><strong>voluntate,</strong></span> <span class='ocrx_word' id='word_1_86' title='bbox 832 694 986 745; x_wconf 87' lang='lat' dir='ltr'><strong>partim</strong></span> <span class='ocrx_word' id='word_1_87' title='bbox 1003 705 1119 732; x_wconf 89' lang='lat' dir='ltr'><strong>metu</strong></span> <span class='ocrx_word' id='word_1_88' title='bbox 1138 693 1178 732; x_wconf 88' lang='lat' dir='ltr'><strong>se</strong></span> <span class='ocrx_word' id='word_1_89' title='bbox 1192 693 1430 733; x_wconf 82' lang='lat' dir='ltr'><strong>tradebant.</strong></span> 
     </span>
     <span class='ocr_line' id='line_1_12' title="bbox 104 749 1432 805; baseline 0.002 -17"><span class='ocrx_word' id='word_1_90' title='bbox 104 749 312 805; x_wconf 82' lang='lat' dir='ltr'><strong>quaedam</strong></span> <span class='ocrx_word' id='word_1_91' title='bbox 347 750 385 788; x_wconf 83' lang='lat' dir='ltr'><strong>vi</strong></span> <span class='ocrx_word' id='word_1_92' title='bbox 414 761 672 803; x_wconf 78' lang='lat' dir='ltr'><strong>expugnata,</strong></span> <span class='ocrx_word' id='word_1_93' title='bbox 725 750 928 803; x_wconf 81' lang='lat' dir='ltr'><strong>quaedam</strong></span> <span class='ocrx_word' id='word_1_94' title='bbox 959 749 1140 800; x_wconf 87' lang='lat' dir='ltr'><strong>deserta,</strong></span> <span class='ocrx_word' id='word_1_95' title='bbox 1182 752 1229 790; x_wconf 90' lang='lat' dir='ltr'><strong>in</strong></span> <span class='ocrx_word' id='word_1_96' title='bbox 1262 761 1432 791; x_wconf 73' lang='lat' dir='ltr'><strong>montes</strong></span> 
     </span>
     <span class='ocr_line' id='line_1_13' title="bbox 103 804 1432 863; baseline 0.001 -17"><span class='ocrx_word' id='word_1_97' title='bbox 103 804 365 863; x_wconf 82' lang='lat' dir='ltr'><strong>propinquos</strong></span> <span class='ocrx_word' id='word_1_98' title='bbox 394 805 697 860; x_wconf 81' lang='lat' dir='ltr'><strong>refugientibus</strong></span> <span class='ocrx_word' id='word_1_99' title='bbox 716 808 929 857; x_wconf 84' lang='lat' dir='ltr'><strong>barbaris,</strong></span> <span class='ocrx_word' id='word_1_100' title='bbox 957 809 1301 849; x_wconf 83' lang='lat' dir='ltr'><strong>inveniebantur.</strong></span> <span class='ocrx_word' id='word_1_101' title='bbox 1362 806 1432 848; x_wconf 83' lang='lat' dir='ltr'><strong>Ad</strong></span> 
     </span>
     <span class='ocr_line' id='line_1_14' title="bbox 102 859 1433 922; baseline 0.001 -19"><span class='ocrx_word' id='word_1_102' title='bbox 102 859 297 922; x_wconf 52' lang='lat' dir='ltr'><strong>Lypfcum</strong></span> <span class='ocrx_word' id='word_1_103' title='bbox 326 863 471 903; x_wconf 85' lang='lat' dir='ltr'><strong>stativa</strong></span> <span class='ocrx_word' id='word_1_104' title='bbox 494 863 627 917; x_wconf 83' lang='lat' dir='ltr'><strong>posuit</strong></span> <span class='ocrx_word' id='word_1_105' title='bbox 655 878 786 918; x_wconf 85' lang='lat' dir='ltr'><strong>prope</strong></span> <span class='ocrx_word' id='word_1_106' title='bbox 816 866 975 904; x_wconf 85' lang='lat' dir='ltr'><strong>flumen</strong></span> <span class='ocrx_word' id='word_1_107' title='bbox 1003 868 1183 906; x_wconf 79' lang='lat' dir='ltr'><strong>Bevum:</strong></span> <span class='ocrx_word' id='word_1_108' title='bbox 1212 865 1317 905; x_wconf 85' lang='lat' dir='ltr'><strong>inde</strong></span> <span class='ocrx_word' id='word_1_109' title='bbox 1344 865 1433 905; x_wconf 87' lang='lat' dir='ltr'><strong>fru-</strong></span> 
     </span>
     <span class='ocr_line' id='line_1_15' title="bbox 103 921 1431 978; baseline 0.001 -16"><span class='ocrx_word' id='word_1_110' title='bbox 103 933 339 963; x_wconf 88' lang='lat' dir='ltr'><strong>mentatum</strong></span> <span class='ocrx_word' id='word_1_111' title='bbox 360 923 470 960; x_wconf 85' lang='lat' dir='ltr'><strong>circa</strong></span> <span class='ocrx_word' id='word_1_112' title='bbox 495 922 649 960; x_wconf 73' lang='lat' dir='ltr'><strong>horrea</strong></span> <span class='ocrx_word' id='word_1_113' title='bbox 667 921 1003 961; x_wconf 85' lang='lat' dir='ltr'><strong>Dassaretiorum</strong></span> <span class='ocrx_word' id='word_1_114' title='bbox 1025 924 1227 963; x_wconf 86' lang='lat' dir='ltr'><strong>mittebat.</strong></span> <span class='ocrx_word' id='word_1_115' title='bbox 1281 924 1431 978; x_wconf 82' lang='lat' dir='ltr'><strong>Philip·</strong></span> 
     </span>
     <span class='ocr_line' id='line_1_16' title="bbox 102 978 1430 1038; baseline 0.001 -18"><span class='ocrx_word' id='word_1_116' title='bbox 102 994 183 1036; x_wconf 84' lang='lat' dir='ltr'><strong>pus</strong></span> <span class='ocrx_word' id='word_1_117' title='bbox 214 979 482 1019; x_wconf 85' lang='lat' dir='ltr'><strong>consternata</strong></span> <span class='ocrx_word' id='word_1_118' title='bbox 512 978 679 1032; x_wconf 88' lang='lat' dir='ltr'><strong>quidem</strong></span> <span class='ocrx_word' id='word_1_119' title='bbox 708 981 852 1019; x_wconf 87' lang='lat' dir='ltr'><strong>omnia</strong></span> <span class='ocrx_word' id='word_1_120' title='bbox 883 981 1018 1030; x_wconf 81' lang='lat' dir='ltr'><strong>circa,</strong></span> <span class='ocrx_word' id='word_1_121' title='bbox 1054 995 1337 1038; x_wconf 84' lang='lat' dir='ltr'><strong>pavoremque</strong></span> <span class='ocrx_word' id='word_1_122' title='bbox 1365 982 1430 1020; x_wconf 86' lang='lat' dir='ltr'><strong>in-</strong></span> 
     </span>
     <span class='ocr_line' id='line_1_17' title="bbox 102 1037 1429 1095; baseline 0.001 -17"><span class='ocrx_word' id='word_1_123' title='bbox 102 1049 273 1095; x_wconf 82' lang='lat' dir='ltr'><strong>gentem</strong></span> <span class='ocrx_word' id='word_1_124' title='bbox 300 1037 525 1077; x_wconf 79' lang='lat' dir='ltr'><strong>hominum</strong></span> <span class='ocrx_word' id='word_1_125' title='bbox 552 1039 772 1078; x_wconf 81' lang='lat' dir='ltr'><strong>cernebat:</strong></span> <span class='ocrx_word' id='word_1_126' title='bbox 811 1037 881 1077; x_wconf 86' lang='lat' dir='ltr'><strong>sed</strong></span> <span class='ocrx_word' id='word_1_127' title='bbox 915 1053 1061 1092; x_wconf 81' lang='lat' dir='ltr'><strong>parum</strong></span> <span class='ocrx_word' id='word_1_128' title='bbox 1084 1053 1261 1094; x_wconf 85' lang='lat' dir='ltr'><strong>gnarus,</strong></span> <span class='ocrx_word' id='word_1_129' title='bbox 1301 1053 1429 1093; x_wconf 75' lang='lat' dir='ltr'><strong>quam</strong></span> 
     </span>
     <span class='ocr_line' id='line_1_18' title="bbox 102 1095 1429 1156; baseline -0.003 -17"><span class='ocrx_word' id='word_1_130' title='bbox 102 1108 266 1156; x_wconf 79' lang='lat' dir='ltr'><strong>partem</strong></span> <span class='ocrx_word' id='word_1_131' title='bbox 286 1096 449 1153; x_wconf 80' lang='lat' dir='ltr'><strong>petisset</strong></span> <span class='ocrx_word' id='word_1_132' title='bbox 470 1095 636 1148; x_wconf 73' lang='lat' dir='ltr'><strong>consul,</strong></span> <span class='ocrx_word' id='word_1_133' title='bbox 668 1098 776 1136; x_wconf 81' lang='lat' dir='ltr'><strong>alam</strong></span> <span class='ocrx_word' id='word_1_134' title='bbox 809 1096 994 1152; x_wconf 85' lang='lat' dir='ltr'><strong>equitum</strong></span> <span class='ocrx_word' id='word_1_135' title='bbox 1015 1096 1070 1136; x_wconf 82' lang='lat' dir='ltr'><strong>ad</strong></span> <span class='ocrx_word' id='word_1_136' title='bbox 1103 1096 1429 1151; x_wconf 72' lang='lat' dir='ltr'><strong>explorandum,</strong></span> 
     </span>
     <span class='ocr_line' id='line_1_19' title="bbox 102 1153 1431 1212; baseline -0.002 -16"><span class='ocrx_word' id='word_1_137' title='bbox 102 1171 287 1212; x_wconf 86' lang='lat' dir='ltr'><strong>quonam</strong></span> <span class='ocrx_word' id='word_1_138' title='bbox 306 1154 440 1196; x_wconf 86' lang='lat' dir='ltr'><strong>hostes</strong></span> <span class='ocrx_word' id='word_1_139' title='bbox 457 1158 537 1196; x_wconf 86' lang='lat' dir='ltr'><strong>iter</strong></span> <span class='ocrx_word' id='word_1_140' title='bbox 556 1156 850 1206; x_wconf 86' lang='lat' dir='ltr'><strong>intendissent,</strong></span> <span class='ocrx_word' id='word_1_141' title='bbox 872 1156 991 1196; x_wconf 81' lang='lat' dir='ltr'><strong>milit.</strong></span> <span class='ocrx_word' id='word_1_142' title='bbox 1040 1155 1157 1195; x_wconf 84' lang='lat' dir='ltr'><strong>Idem</strong></span> <span class='ocrx_word' id='word_1_143' title='bbox 1177 1169 1298 1195; x_wconf 74' lang='lat' dir='ltr'><strong>error</strong></span> <span class='ocrx_word' id='word_1_144' title='bbox 1317 1153 1431 1209; x_wconf 79' lang='lat' dir='ltr'><strong>apud</strong></span> 
     </span>
     <span class='ocr_line' id='line_1_20' title="bbox 103 1213 1430 1268; baseline -0.003 -13"><span class='ocrx_word' id='word_1_145' title='bbox 103 1215 320 1255; x_wconf 85' lang='lat' dir='ltr'><strong>consulem</strong></span> <span class='ocrx_word' id='word_1_146' title='bbox 343 1225 442 1253; x_wconf 88' lang='lat' dir='ltr'><strong>erat.</strong></span> <span class='ocrx_word' id='word_1_147' title='bbox 486 1213 660 1255; x_wconf 84' lang='lat' dir='ltr'><strong>Movisse</strong></span> <span class='ocrx_word' id='word_1_148' title='bbox 681 1229 732 1253; x_wconf 81' lang='lat' dir='ltr'><strong>ex</strong></span> <span class='ocrx_word' id='word_1_149' title='bbox 752 1215 944 1254; x_wconf 86' lang='lat' dir='ltr'><strong>hibernis</strong></span> <span class='ocrx_word' id='word_1_150' title='bbox 963 1227 1103 1268; x_wconf 83' lang='lat' dir='ltr'><strong>regem</strong></span> <span class='ocrx_word' id='word_1_151' title='bbox 1116 1214 1281 1263; x_wconf 81' lang='lat' dir='ltr'><strong>sciebat,</strong></span> <span class='ocrx_word' id='word_1_152' title='bbox 1302 1214 1430 1267; x_wconf 70' lang='lat' dir='ltr'><strong>quam</strong></span> 
     </span>
     <span class='ocr_line' id='line_1_21' title="bbox 102 1270 1432 1327; baseline -0.002 -15"><span class='ocrx_word' id='word_1_153' title='bbox 102 1273 325 1327; x_wconf 85' lang='lat' dir='ltr'><strong>regionem</strong></span> <span class='ocrx_word' id='word_1_154' title='bbox 344 1271 508 1326; x_wconf 86' lang='lat' dir='ltr'><strong>petisset</strong></span> <span class='ocrx_word' id='word_1_155' title='bbox 526 1274 740 1325; x_wconf 84' lang='lat' dir='ltr'><strong>ignorans.</strong></span> <span class='ocrx_word' id='word_1_156' title='bbox 767 1273 800 1311; x_wconf 80' lang='lat' dir='ltr'><strong>is</strong></span> <span class='ocrx_word' id='word_1_157' title='bbox 814 1286 976 1325; x_wconf 87' lang='lat' dir='ltr'><strong>quoque</strong></span> <span class='ocrx_word' id='word_1_158' title='bbox 995 1271 1247 1325; x_wconf 76' lang='lat' dir='ltr'><strong>specuiatum</strong></span> <span class='ocrx_word' id='word_1_159' title='bbox 1263 1270 1432 1310; x_wconf 78' lang='lat' dir='ltr'><strong>miserat</strong></span> 
     </span>
     <span class='ocr_line' id='line_1_22' title="bbox 103 1329 1430 1385; baseline -0.002 -15"><span class='ocrx_word' id='word_1_160' title='bbox 103 1332 273 1385; x_wconf 82' lang='lat' dir='ltr'><strong>equites.</strong></span> <span class='ocrx_word' id='word_1_161' title='bbox 311 1332 400 1369; x_wconf 89' lang='lat' dir='ltr'><strong>Hae</strong></span> <span class='ocrx_word' id='word_1_162' title='bbox 412 1329 518 1368; x_wconf 87' lang='lat' dir='ltr'><strong>duae</strong></span> <span class='ocrx_word' id='word_1_163' title='bbox 531 1331 619 1368; x_wconf 83' lang='lat' dir='ltr'><strong>alae</strong></span> <span class='ocrx_word' id='word_1_164' title='bbox 632 1343 685 1368; x_wconf 87' lang='lat' dir='ltr'><strong>ex</strong></span> <span class='ocrx_word' id='word_1_165' title='bbox 697 1329 874 1379; x_wconf 81' lang='lat' dir='ltr'><strong>diverso,</strong></span> <span class='ocrx_word' id='word_1_166' title='bbox 895 1343 991 1368; x_wconf 88' lang='lat' dir='ltr'><strong>eum</strong></span> <span class='ocrx_word' id='word_1_167' title='bbox 1003 1329 1075 1368; x_wconf 87' lang='lat' dir='ltr'><strong>diu</strong></span> <span class='ocrx_word' id='word_1_168' title='bbox 1085 1330 1258 1368; x_wconf 85' lang='lat' dir='ltr'><strong>incertis</strong></span> <span class='ocrx_word' id='word_1_169' title='bbox 1270 1329 1430 1368; x_wconf 78' lang='lat' dir='ltr'><strong>itineri-³</strong></span> 
     </span>
     <span class='ocr_line' id='line_1_23' title="bbox 100 1386 1431 1442; baseline -0.004 -14"><span class='ocrx_word' id='word_1_170' title='bbox 100 1389 178 1428; x_wconf 85' lang='lat' dir='ltr'><strong>bus</strong></span> <span class='ocrx_word' id='word_1_171' title='bbox 201 1399 367 1441; x_wconf 82' lang='lat' dir='ltr'><strong>vagatae</strong></span> <span class='ocrx_word' id='word_1_172' title='bbox 388 1401 465 1442; x_wconf 86' lang='lat' dir='ltr'><strong>per</strong></span> <span class='ocrx_word' id='word_1_173' title='bbox 487 1386 744 1426; x_wconf 77' lang='lat' dir='ltr'><strong>Dassaretios</strong></span> <span class='ocrx_word' id='word_1_174' title='bbox 765 1387 912 1437; x_wconf 82' lang='lat' dir='ltr'><strong>essent,</strong></span> <span class='ocrx_word' id='word_1_175' title='bbox 934 1386 1110 1426; x_wconf 86' lang='lat' dir='ltr'><strong>tandem</strong></span> <span class='ocrx_word' id='word_1_176' title='bbox 1127 1388 1176 1425; x_wconf 86' lang='lat' dir='ltr'><strong>in</strong></span> <span class='ocrx_word' id='word_1_177' title='bbox 1196 1399 1330 1425; x_wconf 80' lang='lat' dir='ltr'><strong>unum</strong></span> <span class='ocrx_word' id='word_1_178' title='bbox 1348 1386 1431 1424; x_wconf 85' lang='lat' dir='ltr'><strong>iter</strong></span> 
     </span>
     <span class='ocr_line' id='line_1_24' title="bbox 101 1443 1429 1498; baseline -0.003 -12"><span class='ocrx_word' id='word_1_179' title='bbox 101 1456 412 1486; x_wconf 80' lang='lat' dir='ltr'><strong>convenerunt.</strong></span> <span class='ocrx_word' id='word_1_180' title='bbox 473 1445 654 1485; x_wconf 87' lang='lat' dir='ltr'><strong>Neutros</strong></span> <span class='ocrx_word' id='word_1_181' title='bbox 674 1444 834 1494; x_wconf 74' lang='lat' dir='ltr'><strong>fefellit,</strong></span> <span class='ocrx_word' id='word_1_182' title='bbox 857 1456 900 1483; x_wconf 87' lang='lat' dir='ltr'><strong>ut</strong></span> <span class='ocrx_word' id='word_1_183' title='bbox 923 1443 1112 1484; x_wconf 87' lang='lat' dir='ltr'><strong>fremitus</strong></span> <span class='ocrx_word' id='word_1_184' title='bbox 1134 1445 1279 1498; x_wconf 78' lang='lat' dir='ltr'><strong>procul</strong></span> <span class='ocrx_word' id='word_1_185' title='bbox 1297 1443 1429 1483; x_wconf 84' lang='lat' dir='ltr'><strong>homi-</strong></span> 
     </span>
     <span class='ocr_line' id='line_1_25' title="bbox 103 1502 1429 1558; baseline -0.003 -14"><span class='ocrx_word' id='word_1_186' title='bbox 103 1518 212 1545; x_wconf 84' lang='lat' dir='ltr'><strong>num</strong></span> <span class='ocrx_word' id='word_1_187' title='bbox 243 1516 529 1558; x_wconf 86' lang='lat' dir='ltr'><strong>equorumque</strong></span> <span class='ocrx_word' id='word_1_188' title='bbox 563 1502 781 1542; x_wconf 86' lang='lat' dir='ltr'><strong>exauditus</strong></span> <span class='ocrx_word' id='word_1_189' title='bbox 805 1502 884 1551; x_wconf 90' lang='lat' dir='ltr'><strong>est,</strong></span> <span class='ocrx_word' id='word_1_190' title='bbox 917 1502 1049 1543; x_wconf 74' lang='lat' dir='ltr'><strong>hostes</strong></span> <span class='ocrx_word' id='word_1_191' title='bbox 1070 1503 1429 1555; x_wconf 81' lang='lat' dir='ltr'><strong>appropinquare.</strong></span> 
     </span>
     <span class='ocr_line' id='line_1_26' title="bbox 101 1559 1430 1615; baseline -0.003 -13"><span class='ocrx_word' id='word_1_192' title='bbox 101 1563 246 1615; x_wconf 87' lang='lat' dir='ltr'><strong>Itaque</strong></span> <span class='ocrx_word' id='word_1_193' title='bbox 266 1563 393 1614; x_wconf 86' lang='lat' dir='ltr'><strong>prius,</strong></span> <span class='ocrx_word' id='word_1_194' title='bbox 417 1574 542 1614; x_wconf 86' lang='lat' dir='ltr'><strong>quam</strong></span> <span class='ocrx_word' id='word_1_195' title='bbox 562 1560 611 1599; x_wconf 83' lang='lat' dir='ltr'><strong>in</strong></span> <span class='ocrx_word' id='word_1_196' title='bbox 630 1559 896 1614; x_wconf 83' lang='lat' dir='ltr'><strong>conspectum</strong></span> <span class='ocrx_word' id='word_1_197' title='bbox 914 1561 1124 1609; x_wconf 85' lang='lat' dir='ltr'><strong>venirent,</strong></span> <span class='ocrx_word' id='word_1_198' title='bbox 1148 1573 1272 1613; x_wconf 86' lang='lat' dir='ltr'><strong>equos</strong></span> <span class='ocrx_word' id='word_1_199' title='bbox 1297 1572 1430 1598; x_wconf 84' lang='lat' dir='ltr'><strong>arma-</strong></span> 
     </span>
     <span class='ocr_line' id='line_1_27' title="bbox 100 1616 1429 1673; baseline -0.003 -14"><span class='ocrx_word' id='word_1_200' title='bbox 100 1634 181 1673; x_wconf 88' lang='lat' dir='ltr'><strong>que</strong></span> <span class='ocrx_word' id='word_1_201' title='bbox 203 1619 494 1672; x_wconf 85' lang='lat' dir='ltr'><strong>expedierant.</strong></span> <span class='ocrx_word' id='word_1_202' title='bbox 526 1631 609 1656; x_wconf 88' lang='lat' dir='ltr'><strong>nee</strong></span> <span class='ocrx_word' id='word_1_203' title='bbox 628 1632 760 1666; x_wconf 89' lang='lat' dir='ltr'><strong>mora,</strong></span> <span class='ocrx_word' id='word_1_204' title='bbox 791 1619 862 1656; x_wconf 85' lang='lat' dir='ltr'><strong>ubi</strong></span> <span class='ocrx_word' id='word_1_205' title='bbox 883 1618 1066 1672; x_wconf 87' lang='lat' dir='ltr'><strong>primum</strong></span> <span class='ocrx_word' id='word_1_206' title='bbox 1088 1618 1245 1656; x_wconf 82' lang='lat' dir='ltr'><strong>hostem</strong></span> <span class='ocrx_word' id='word_1_207' title='bbox 1263 1616 1429 1666; x_wconf 61' lang='lat' dir='ltr'><strong>‘videt-e,</strong></span> 
     </span>
     <span class='ocr_line' id='line_1_28' title="bbox 102 1675 1431 1723; baseline -0.004 -6"><span class='ocrx_word' id='word_1_208' title='bbox 102 1676 391 1717; x_wconf 87' lang='lat' dir='ltr'><strong>concurrendi</strong></span> <span class='ocrx_word' id='word_1_209' title='bbox 415 1675 523 1714; x_wconf 86' lang='lat' dir='ltr'><strong>facta</strong></span> <span class='ocrx_word' id='word_1_210' title='bbox 544 1675 616 1715; x_wconf 86' lang='lat' dir='ltr'><strong>est.</strong></span> <span class='ocrx_word' id='word_1_211' title='bbox 678 1676 799 1714; x_wconf 86' lang='lat' dir='ltr'><strong>Forte</strong></span> <span class='ocrx_word' id='word_1_212' title='bbox 821 1685 861 1713; x_wconf 91' lang='lat' dir='ltr'><strong>et</strong></span> <span class='ocrx_word' id='word_1_213' title='bbox 885 1689 1068 1714; x_wconf 86' lang='lat' dir='ltr'><strong>numero</strong></span> <span class='ocrx_word' id='word_1_214' title='bbox 1098 1686 1137 1713; x_wconf 89' lang='lat' dir='ltr'><strong>et</strong></span> <span class='ocrx_word' id='word_1_215' title='bbox 1156 1675 1331 1723; x_wconf 82' lang='lat' dir='ltr'><strong>virtute,</strong></span> <span class='ocrx_word' id='word_1_216' title='bbox 1369 1683 1431 1712; x_wconf 89' lang='lat' dir='ltr'><strong>ut-</strong></span> 
     </span>
     <span class='ocr_line' id='line_1_29' title="bbox 100 1732 1431 1790; baseline -0.003 -16"><span class='ocrx_word' id='word_1_217' title='bbox 100 1745 198 1790; x_wconf 83' lang='lat' dir='ltr'><strong>pote</strong></span> <span class='ocrx_word' id='word_1_218' title='bbox 227 1734 323 1773; x_wconf 86' lang='lat' dir='ltr'><strong>lecti</strong></span> <span class='ocrx_word' id='word_1_219' title='bbox 355 1732 577 1786; x_wconf 78' lang='lat' dir='ltr'><strong>uti-inque,</strong></span> <span class='ocrx_word' id='word_1_220' title='bbox 619 1732 732 1771; x_wconf 88' lang='lat' dir='ltr'><strong>haud</strong></span> <span class='ocrx_word' id='word_1_221' title='bbox 762 1734 971 1786; x_wconf 78' lang='lat' dir='ltr'><strong>impares,</strong></span> <span class='ocrx_word' id='word_1_222' title='bbox 1012 1733 1151 1785; x_wconf 85' lang='lat' dir='ltr'><strong>aequis</strong></span> <span class='ocrx_word' id='word_1_223' title='bbox 1171 1732 1328 1771; x_wconf 80' lang='lat' dir='ltr'><strong>viribus</strong></span> <span class='ocrx_word' id='word_1_224' title='bbox 1353 1744 1431 1784; x_wconf 82' lang='lat' dir='ltr'><strong>per</strong></span> 
     </span>
     <span class='ocr_line' id='line_1_30' title="bbox 100 1789 1430 1845; baseline -0.005 -13"><span class='ocrx_word' id='word_1_225' title='bbox 100 1793 258 1845; x_wconf 85' lang='lat' dir='ltr'><strong>aliquot</strong></span> <span class='ocrx_word' id='word_1_226' title='bbox 291 1791 414 1830; x_wconf 91' lang='lat' dir='ltr'><strong>horas</strong></span> <span class='ocrx_word' id='word_1_227' title='bbox 446 1801 701 1843; x_wconf 84' lang='lat' dir='ltr'><strong>pugnarunt.</strong></span> <span class='ocrx_word' id='word_1_228' title='bbox 770 1791 968 1843; x_wconf 81' lang='lat' dir='ltr'><strong>Fatigatio</strong></span> <span class='ocrx_word' id='word_1_229' title='bbox 997 1789 1181 1843; x_wconf 85' lang='lat' dir='ltr'><strong>ipsorum</strong></span> <span class='ocrx_word' id='word_1_230' title='bbox 1210 1803 1430 1843; x_wconf 86' lang='lat' dir='ltr'><strong>equorum-</strong></span> 
     </span>
     <span class='ocr_line' id='line_1_31' title="bbox 101 1846 1431 1905; baseline -0.002 -16"><span class='ocrx_word' id='word_1_231' title='bbox 101 1864 206 1905; x_wconf 81' lang='lat' dir='ltr'><strong>que,</strong></span> <span class='ocrx_word' id='word_1_232' title='bbox 236 1850 399 1888; x_wconf 84' lang='lat' dir='ltr'><strong>incerta</strong></span> <span class='ocrx_word' id='word_1_233' title='bbox 426 1848 623 1892; x_wconf 82' lang='lat' dir='ltr'><strong>victoria,</strong></span> <span class='ocrx_word' id='word_1_234' title='bbox 665 1847 837 1886; x_wconf 86' lang='lat' dir='ltr'><strong>diremit</strong></span> <span class='ocrx_word' id='word_1_235' title='bbox 862 1849 1083 1900; x_wconf 80' lang='lat' dir='ltr'><strong>proelium.</strong></span> <span class='ocrx_word' id='word_1_236' title='bbox 1144 1846 1431 1886; x_wconf 81' lang='lat' dir='ltr'><strong>Macedonum</strong></span> 
     </span>
     <span class='ocr_line' id='line_1_32' title="bbox 101 1905 1431 1962; baseline -0.002 -16"><span class='ocrx_word' id='word_1_237' title='bbox 101 1905 378 1962; x_wconf 85' lang='lat' dir='ltr'><strong>quadraginta</strong></span> <span class='ocrx_word' id='word_1_238' title='bbox 409 1906 589 1959; x_wconf 85' lang='lat' dir='ltr'><strong>equites,</strong></span> <span class='ocrx_word' id='word_1_239' title='bbox 639 1906 934 1944; x_wconf 83' lang='lat' dir='ltr'><strong>Romanorum</strong></span> <span class='ocrx_word' id='word_1_240' title='bbox 966 1907 1152 1958; x_wconf 83' lang='lat' dir='ltr'><strong>quinque</strong></span> <span class='ocrx_word' id='word_1_241' title='bbox 1182 1915 1221 1943; x_wconf 89' lang='lat' dir='ltr'><strong>et</strong></span> <span class='ocrx_word' id='word_1_242' title='bbox 1257 1905 1431 1958; x_wconf 77' lang='lat' dir='ltr'><strong>triginta</strong></span> 
     </span>
     <span class='ocr_line' id='line_1_33' title="bbox 98 1961 1430 2016; baseline -0.003 -11"><span class='ocrx_word' id='word_1_243' title='bbox 98 1963 357 2005; x_wconf 87' lang='lat' dir='ltr'><strong>ceciderunt.</strong></span> <span class='ocrx_word' id='word_1_244' title='bbox 417 1965 568 2015; x_wconf 87' lang='lat' dir='ltr'><strong>Neque</strong></span> <span class='ocrx_word' id='word_1_245' title='bbox 601 1976 651 2001; x_wconf 82' lang='lat' dir='ltr'><strong>eo</strong></span> <span class='ocrx_word' id='word_1_246' title='bbox 682 1963 811 2015; x_wconf 81' lang='lat' dir='ltr'><strong>magis</strong></span> <span class='ocrx_word' id='word_1_247' title='bbox 841 1963 1047 2015; x_wconf 70' lang='lat' dir='ltr'><strong>explorati</strong></span> <span class='ocrx_word' id='word_1_248' title='bbox 1078 1962 1334 2016; x_wconf 83' lang='lat' dir='ltr'><strong>quidquam,</strong></span> <span class='ocrx_word' id='word_1_249' title='bbox 1379 1961 1430 2002; x_wconf 87' lang='lat' dir='ltr'><strong>in.</strong></span> 
     </span>
     <span class='ocr_line' id='line_1_34' title="bbox 97 2019 1430 2076; baseline -0.002 -15"><span class='ocrx_word' id='word_1_250' title='bbox 97 2036 180 2076; x_wconf 84' lang='lat' dir='ltr'><strong>qua</strong></span> <span class='ocrx_word' id='word_1_251' title='bbox 198 2022 372 2076; x_wconf 87' lang='lat' dir='ltr'><strong>regione</strong></span> <span class='ocrx_word' id='word_1_252' title='bbox 394 2020 525 2061; x_wconf 83' lang='lat' dir='ltr'><strong>eastra</strong></span> <span class='ocrx_word' id='word_1_253' title='bbox 544 2020 724 2059; x_wconf 79' lang='lat' dir='ltr'><strong>hostium</strong></span> <span class='ocrx_word' id='word_1_254' title='bbox 748 2019 897 2069; x_wconf 82' lang='lat' dir='ltr'><strong>essent,</strong></span> <span class='ocrx_word' id='word_1_255' title='bbox 931 2031 1000 2058; x_wconf 88' lang='lat' dir='ltr'><strong>aut</strong></span> <span class='ocrx_word' id='word_1_256' title='bbox 1021 2020 1083 2059; x_wconf 83' lang='lat' dir='ltr'><strong>illi</strong></span> <span class='ocrx_word' id='word_1_257' title='bbox 1105 2019 1157 2058; x_wconf 90' lang='lat' dir='ltr'><strong>ad</strong></span> <span class='ocrx_word' id='word_1_258' title='bbox 1177 2033 1334 2074; x_wconf 78' lang='lat' dir='ltr'><strong>regem,</strong></span> <span class='ocrx_word' id='word_1_259' title='bbox 1357 2029 1430 2058; x_wconf 85' lang='lat' dir='ltr'><strong>aut</strong></span> 
     </span>
     <span class='ocr_line' id='line_1_35' title="bbox 98 2075 1428 2130; baseline -0.004 -11"><span class='ocrx_word' id='word_1_260' title='bbox 98 2080 145 2119; x_wconf 80' lang='lat' dir='ltr'><strong>hi</strong></span> <span class='ocrx_word' id='word_1_261' title='bbox 167 2078 221 2118; x_wconf 87' lang='lat' dir='ltr'><strong>ad</strong></span> <span class='ocrx_word' id='word_1_262' title='bbox 243 2078 446 2118; x_wconf 79' lang='lat' dir='ltr'><strong>consulen</strong></span> <span class='ocrx_word' id='word_1_263' title='bbox 469 2075 719 2117; x_wconf 73' lang='lat' dir='ltr'><strong>retulerunt.</strong></span> <span class='ocrx_word' id='word_1_264' title='bbox 752 2091 828 2130; x_wconf 87' lang='lat' dir='ltr'><strong>per</strong></span> <span class='ocrx_word' id='word_1_265' title='bbox 849 2076 1083 2130; x_wconf 81' lang='lat' dir='ltr'><strong>transfugas</strong></span> <span class='ocrx_word' id='word_1_266' title='bbox 1112 2078 1326 2130; x_wconf 79' lang='lat' dir='ltr'><strong>cognitum</strong></span> <span class='ocrx_word' id='word_1_267' title='bbox 1354 2075 1428 2127; x_wconf 86' lang='lat' dir='ltr'><strong>est,</strong></span> 
     </span>
     <span class='ocr_line' id='line_1_36' title="bbox 68 2134 1427 2191; baseline -0.001 -16"><span class='ocrx_word' id='word_1_268' title='bbox 68 2185 73 2188; x_wconf 90' lang='lat'>.</span> <span class='ocrx_word' id='word_1_269' title='bbox 98 2150 202 2191; x_wconf 86' lang='lat' dir='ltr'><strong>quos</strong></span> <span class='ocrx_word' id='word_1_270' title='bbox 221 2137 366 2178; x_wconf 83' lang='lat' dir='ltr'><strong>levitas</strong></span> <span class='ocrx_word' id='word_1_271' title='bbox 388 2136 681 2190; x_wconf 84' lang='lat' dir='ltr'><strong>ingeniorum,</strong></span> <span class='ocrx_word' id='word_1_272' title='bbox 710 2135 764 2174; x_wconf 88' lang='lat' dir='ltr'><strong>ad</strong></span> <span class='ocrx_word' id='word_1_273' title='bbox 791 2134 1102 2189; x_wconf 81' lang='lat' dir='ltr'><strong>cognoscendas</strong></span> <span class='ocrx_word' id='word_1_274' title='bbox 1131 2134 1427 2188; x_wconf 39' lang='lat' dir='ltr'><strong>hostium-res,</strong></span> 
     </span>
     <span class='ocr_line' id='line_1_37' title="bbox 98 2187 1420 2247; baseline -0.005 -13"><span class='ocrx_word' id='word_1_275' title='bbox 98 2194 148 2235; x_wconf 87' lang='lat' dir='ltr'><strong>in</strong></span> <span class='ocrx_word' id='word_1_276' title='bbox 167 2195 364 2234; x_wconf 88' lang='lat' dir='ltr'><strong>omnibus</strong></span> <span class='ocrx_word' id='word_1_277' title='bbox 383 2196 502 2234; x_wconf 81' lang='lat' dir='ltr'><strong>bellis</strong></span> <span class='ocrx_word' id='word_1_278' title='bbox 522 2195 708 2247; x_wconf 84' lang='lat' dir='ltr'><strong>praebet.</strong></span> <span class='ocrx_word' id='word_1_279' title='bbox 1119 2198 1121 2202; x_wconf 88' lang='grc'><strong>“</strong></span> <span class='ocrx_word' id='word_1_280' title='bbox 1418 2187 1420 2189; x_wconf 59' lang='grc'><strong><em>’</em></strong></span> 
     </span>
    </p>
   </div>
   <div class='ocr_carea' id='block_1_3' title="bbox 956 138 1170 149">
    <p class='ocr_par' dir='ltr' id='par_1_3' title="bbox 956 138 1170 149">
     <span class='ocr_line' id='line_1_38' title="bbox 956 138 1170 149; baseline 0 2554"><span class='ocrx_word' id='word_1_281' title='bbox 956 138 1170 149; x_wconf 95' lang='lat' dir='ltr'><strong> </strong></span> 
     </span>
    </p>
   </div>
   <div class='ocr_carea' id='block_1_4' title="bbox 909 206 1437 222">
    <p class='ocr_par' dir='ltr' id='par_1_4' title="bbox 909 206 1437 222">
     <span class='ocr_line' id='line_1_39' title="bbox 909 206 1437 222; baseline 0 2481"><span class='ocrx_word' id='word_1_282' title='bbox 909 206 1437 222; x_wconf 95' lang='lat' dir='ltr'><strong> </strong></span> 
     </span>
    </p>
   </div>
   <div class='ocr_carea' id='block_1_5' title="bbox 99 2304 1428 2421">
    <p class='ocr_par' dir='ltr' id='par_1_5' title="bbox 99 2304 1428 2421">
     <span class='ocr_line' id='line_1_40' title="bbox 209 2304 1426 2361; baseline -0.004 -12"><span class='ocrx_word' id='word_1_283' title='bbox 209 2309 390 2349; x_wconf 83' lang='lat' dir='ltr'>XXXIV.</span> <span class='ocrx_word' id='word_1_284' title='bbox 431 2307 658 2361; x_wconf 74' lang='lat' dir='ltr'><strong>Phiiippus,</strong></span> <span class='ocrx_word' id='word_1_285' title='bbox 679 2304 838 2359; x_wconf 72' lang='lat' dir='ltr'><strong>aliquid</strong></span> <span class='ocrx_word' id='word_1_286' title='bbox 865 2315 903 2344; x_wconf 91' lang='lat' dir='ltr'><strong>et</strong></span> <span class='ocrx_word' id='word_1_287' title='bbox 925 2304 977 2344; x_wconf 85' lang='lat' dir='ltr'><strong>ad</strong></span> <span class='ocrx_word' id='word_1_288' title='bbox 1005 2306 1218 2345; x_wconf 73' lang='lat' dir='ltr'><strong>caritatem</strong></span> <span class='ocrx_word' id='word_1_289' title='bbox 1243 2305 1426 2355; x_wconf 79' lang='lat' dir='ltr'><strong>suorum,</strong></span> 
     </span>
     <span class='ocr_line' id='line_1_41' title="bbox 99 2362 1428 2421; baseline -0.003 -15"><span class='ocrx_word' id='word_1_290' title='bbox 99 2378 140 2407; x_wconf 82' lang='lat' dir='ltr'><strong>et</strong></span> <span class='ocrx_word' id='word_1_291' title='bbox 158 2377 204 2406; x_wconf 86' lang='lat' dir='ltr'><strong>ut</strong></span> <span class='ocrx_word' id='word_1_292' title='bbox 224 2367 427 2421; x_wconf 87' lang='lat' dir='ltr'><strong>promtius</strong></span> <span class='ocrx_word' id='word_1_293' title='bbox 448 2381 524 2420; x_wconf 88' lang='lat' dir='ltr'><strong>pro</strong></span> <span class='ocrx_word' id='word_1_294' title='bbox 547 2379 597 2404; x_wconf 89' lang='lat' dir='ltr'><strong>eo</strong></span> <span class='ocrx_word' id='word_1_295' title='bbox 619 2364 853 2418; x_wconf 86' lang='lat' dir='ltr'><strong>periculum</strong></span> <span class='ocrx_word' id='word_1_296' title='bbox 874 2362 1057 2413; x_wconf 85' lang='lat' dir='ltr'><strong>adirent,</strong></span> <span class='ocrx_word' id='word_1_297' title='bbox 1084 2375 1196 2402; x_wconf 80' lang='lat' dir='ltr'><strong>ratus</strong></span> <span class='ocrx_word' id='word_1_298' title='bbox 1221 2362 1428 2418; x_wconf 85' lang='lat' dir='ltr'><strong>profectu-</strong></span> 
     </span>
    </p>
   </div>
   <div class='ocr_carea' id='block_1_6' title="bbox 100 2419 1428 2532">
    <p class='ocr_par' dir='ltr' id='par_1_6' title="bbox 100 2419 1428 2532">
     <span class='ocr_line' id='line_1_42' title="bbox 100 2419 1427 2481; baseline -0.002 -18"><span class='ocrx_word' id='word_1_299' title='bbox 100 2439 192 2464; x_wconf 63' lang='lat' dir='ltr'><strong>rum</strong></span> <span class='ocrx_word' id='word_1_300' title='bbox 211 2423 273 2476; x_wconf 86' lang='lat' dir='ltr'><strong>se,</strong></span> <span class='ocrx_word' id='word_1_301' title='bbox 308 2423 339 2465; x_wconf 84' lang='lat' dir='ltr'><strong>fi</strong></span> <span class='ocrx_word' id='word_1_302' title='bbox 358 2425 543 2480; x_wconf 80' lang='lat' dir='ltr'><strong>equitum</strong></span> <span class='ocrx_word' id='word_1_303' title='bbox 556 2452 568 2474; x_wconf 88' lang='lat'><strong>,</strong></span> <span class='ocrx_word' id='word_1_304' title='bbox 602 2422 673 2477; x_wconf 76' lang='lat' dir='ltr'><strong>qui</strong></span> <span class='ocrx_word' id='word_1_305' title='bbox 686 2420 938 2481; x_wconf 21' lang='lat' dir='ltr'><strong>*ceciderant</strong></span> <span class='ocrx_word' id='word_1_306' title='bbox 957 2422 1007 2462; x_wconf 87' lang='lat' dir='ltr'><strong>in</strong></span> <span class='ocrx_word' id='word_1_307' title='bbox 1029 2420 1300 2476; x_wconf 82' lang='lat' dir='ltr'><strong>expeditione</strong></span> <span class='ocrx_word' id='word_1_308' title='bbox 1313 2451 1326 2472; x_wconf 89' lang='lat'><em>‚</em></span> <span class='ocrx_word' id='word_1_309' title='bbox 1367 2419 1427 2460; x_wconf 85' lang='lat' dir='ltr'><strong>se-</strong></span> 
     </span>
     <span class='ocr_line' id='line_1_43' title="bbox 979 2488 1428 2532; baseline -0.002 -43"><span class='ocrx_word' id='word_1_310' title='bbox 979 2488 982 2489; x_wconf 14' lang='grc' dir='ltr'><em>γ</em></span> <span class='ocrx_word' id='word_1_311' title='bbox 1358 2490 1428 2532; x_wconf 53' lang='lat' dir='ltr'><strong>pe·</strong></span> 
     </span>
    </p>
   </div>
  </div>
 </body>
</html>
