1548 2703
147 30 229 82 58⁰
372 42 394 64 ¹.
419 24 453 66 L
482 25 505 63 1
525 24 568 63 -B
596 23 634 63 E
664 24 706 63 R
726 24 889 65 'XLI-11.
948 23 1016 64 CA
1031 39 1064 64 1⁵.
1087 23 1197 65 XVI.
1229 35 1234 41 ’

377 97 427 134 U.
450 95 493 133 C.
516 94 614 139 583.
691 99 695 104 “
950 108 985 132 a.
1008 97 1052 133 C.
1077 96 1129 134 N.
1161 96 1250 148 169.

223 218 229 222 ,
262 178 374 216 XVI.
436 176 488 213 ln
515 175 724 227 equitibus
765 170 1044 213 recensendis
1077 173 1201 214 tristis
1250 171 1482 219 admodum

148 249 294 277 eorum
316 245 437 287 atque
448 232 590 286 aspera
602 231 780 271 censura
792 230 869 270 suit
883 245 891 269 :
923 232 1062 270 multis
1075 245 1200 283 equos
1213 231 1480 270 ademerunt.

148 295 195 334 in
217 308 265 332 ea
287 306 333 331 re
356 306 451 330 cum
473 289 709 343 equestrem
731 289 926 328 ordinem
948 287 1234 338 offendissent,
1265 288 1481 331 flammam

146 350 338 400 :invidiae
360 349 547 401 adjecere
569 347 719 395 edicto,
752 361 832 399 quo
855 346 1106 394 edixerunt,
1139 345 1201 384 Ne
1222 348 1311 398 quis
1332 358 1482 394 eorum,

149 411 219 463 qui
250 402 499 462 QssFulvio,
547 406 596 444 A.
631 404 818 454 Postumio
851 401 1069 457 censoribus
1097 401 1254 454 publica,
1278 401 1481 457 vectigalia

149 479 218 507 aut
246 464 354 503 ultro
386 462 537 503 tributa
569 461 858 513 conduxiffent,
906 461 954 500 aci
982 458 1123 509 hastam
1138 460 1248 514 suam
1273 459 1480 509 accederet,

143 524 317 579 sociusve
337 534 405 561 aut
423 518 561 572 affinis
584 521 666 573 ejus
697 517 964 558 conductionis
991 518 1092 570 effet.
1152 519 1283 570 Saepe
1304 516 1356 556 id
1385 516 1481 569 que'·

150 579 289 621 rendo
310 590 470 619 veteres
493 578 703 631 publicani
724 591 818 614 cum
839 577 1066 629 impetrare
1085 575 1330 628 nequissent⁴
1343 575 1399 612 ab
1423 572 1483 612 se'-

150 650 270 684 natu,
295 648 339 675 ut
361 635 533 674 modum
553 634 742 688 potestati
763 633 976 673 censoriae
997 635 1286 686 imponerent,
1303 630 1482 672 tandem

150 697 371 735 tribunum
388 693 527 747 »plebis
552 694 591 732 P.
613 692 832 738 Rutilium,
856 705 909 730 ex
920 692 982 730 rei
1002 692 1188 744 privatae
1208 690 1482 729 contentione

102 803 105 808 s
151 755 307 794 iratum
328 750 568 791 censoribus
584 780 594 798 ,
625 760 851 803 patronum
876 748 1020 787 causae
1044 749 1158 787 nacti
1174 748 1284 786 sunt.
1343 746 1483 786 Clien-

153 822 236 850 tem
257 810 507 848 libertinum
528 807 733 860 parietem
753 808 800 846 in
822 807 943 846 Sacra
965 807 1029 845 via
1050 805 1244 845 adversus
1265 803 1387 844 aedes
1409 818 1483 857 pu-

153 870 282 909 blicas
306 866 500 905 demoliri
519 864 736 917 jusserant,
759 863 870 917 quod
889 864 1054 917 publico
1065 862 1353 902 inaedificatus
1367 861 1481 915 esset.

153 925 353 980 appellati
371 938 394 961 a
413 923 574 976 privato
598 922 770 961 tribuni.
814 935 909 959 cum
933 931 1100 974 praeter
1120 922 1322 959 Rutilium
1349 933 1482 958 nemo

153 981 452 1031 intercederet,
472 978 665 1018 censores
677 977 729 1017 ad
742 979 918 1031 pignora
927 977 1133 1030 capienda
1146 977 1363 1026 miserunt,
1379 977 1484 1015 mul-

154 1053 346 1093 ctamque
365 1052 443 1092 pro
467 1037 675 1076 concione
694 1037 855 1089 privato
877 1035 1090 1074 dixerunt.
1151 1035 1230 1074 Hic
1250 1035 1484 1074 contentio-

155 1112 216 1139 ne
241 1108 354 1144 orta,
384 1110 479 1135 cum
499 1105 659 1134 veteres
679 1093 897 1145 publicani
916 1092 956 1131 se
978 1092 1031 1131 ad
1052 1093 1270 1131 tribunum
1291 1090 1485 1131 contulis-

155 1156 270 1204 sent,
297 1153 454 1205 rogatio
477 1162 654 1204 repente
676 1151 751 1189 sub
776 1151 898 1189 unius
921 1151 1082 1188 tribuni
1102 1150 1282 1189 nomine
1302 1148 1484 1201 promul-

156 1223 297 1268 gaeur:
331 1211 437 1262 Quae
460 1208 613 1262 publica
634 1206 860 1262 vectigalia,
903 1206 1009 1246 ultro
1037 1206 1185 1247 tributa
1222 1206 1266 1248 C.
1285 1205 1485 1246 Claudius

160 1284 198 1311 et
234 1269 293 1308 Ti.
328 1268 578 1321 Sempronius
608 1266 806 1318 locaffent,
861 1279 903 1304 ea
932 1278 1018 1305 rata
1044 1263 1180 1303 locatio
1211 1279 1256 1303 ne
1283 1264 1379 1318 effet.
1439 1262 1487 1302 de

136 1331 314 1382 -integro
349 1324 594 1372 locarentur,
638 1335 675 1361 et
702 1335 746 1360 ut
770 1323 941 1362 omnihus
971 1321 1188 1361 redimendi
1217 1334 1255 1360 et
1274 1321 1487 1360 conducen-

162 1385 204 1425 oli
224 1382 436 1437 μνοηιὶβηε
449 1384 520 1436 jus
543 1380 640 1432 effer.
698 1380 829 1419 Diem
849 1380 901 1418 ad
922 1380 1009 1432 ejus
1027 1381 1284 1432 rogationem
1307 1379 1489 1418 concilio

160 1445 355 1482 tribunus
372 1440 505 1493 plebis
537 1438 655 1478 dixit.
715 1440 787 1490 qui
807 1438 1021 1491 postquam
1052 1439 1194 1485 venit,
1223 1447 1267 1476 ut
1293 1435 1487 1476 censores

162 1500 218 1540 ad
235 1496 558 1539 dissuadendum
587 1495 900 1549 processerunt,
930 1494 1124 1534 Graccho
1142 1495 1335 1542 dicente,
1366 1493 1488 1532 silen-

163 1560 267 1598 tium
296 1555 384 1595 fuit.
441 1569 535 1593 cum
568 1552 740 1593 Claudio
770 1553 1101 1606 obstreperetur,
1142 1546 1402 1591 audientiam
1430 1549 1489 1589 fa·

165 1629 262 1657 cere
280 1627 536 1668 praeconem
558 1609 681 1665 jussit.
742 1610 805 1650 Eo
825 1609 955 1660 sactu,
987 1620 1197 1649 avocatam
1218 1623 1242 1648 a
1262 1608 1304 1648 se
1323 1608 1490 1648 concio-

165 1688 268 1713 nem
298 1672 490 1710 tribunus
517 1668 702 1722 questus,
744 1679 783 1707 et
810 1668 859 1706 in
887 1667 1085 1707 ordinem
1116 1666 1157 1706 se
1186 1677 1398 1716 coactum,
1436 1680 1489 1706 ex

169 1730 371 1785 Capitolio
388 1759 397 1777 ,
426 1728 498 1766 ubi
518 1737 608 1766 erat
629 1726 868 1775 concilium,
900 1726 1011 1764 abiit.
1072 1725 1235 1764 Postero
1256 1725 1325 1764 die
1343 1725 1492 1777 ingen-
1526 1727 1527 1773 j

167 1801 231 1828 tes
254 1787 449 1827 tumultus
470 1785 595 1824 ciere.
654 1785 718 1822 Ti.
734 1783 916 1822 Gracchi
937 1783 1122 1836 primum
1146 1785 1264 1826 bona,
1279 1782 1492 1825 consecr&

169 1847 250 1895 vit,
282 1842 395 1898 quod
422 1844 470 1882 in
501 1842 656 1881 mulcta
682 1842 1005 1894 pignoribusque
1026 1841 1134 1892 ejus,
1174 1842 1245 1894 qui
1269 1841 1492 1883 tribunum

169 1901 431 1958 appellasset,
459 1899 746 1939 intereeffioni
775 1912 868 1937 non
893 1897 1108 1952 parendo,
1147 1897 1188 1936 se
1216 1899 1266 1937 in
1295 1897 1491 1936 ordinem

171 1959 376 2013 coegisset.
437 1959 481 1997 C.
503 1956 674 1996 Claudio
707 1956 818 1995 diem
852 1955 980 2004 dixit,
1015 1954 1128 2009 quod
1158 1956 1411 1994 concionem
1439 1956 1491 1993 ab

172 2020 213 2059 se
232 2016 445 2064 avocasset,
465 2025 507 2054 et
524 2016 688 2067 utrique
709 2013 873 2053 censori
892 2012 1282 2066 perduellionem-se
1303 2011 1489 2065 judicare

172 2074 487 2131 pronuntiavit,
532 2071 728 2126 diemque
760 2072 937 2110 comitiis
968 2085 992 2109 a
1017 2072 1060 2110 C.
1094 2071 1274 2124 Sulpicio
1298 2079 1492 2124 praetore

175 2136 338 2172 urbano
359 2132 489 2185 petiit.
548 2131 650 2169 Non
670 2128 956 2168 recusantibus
974 2127 1226 2178 censoribus,
1253 2142 1340 2182 -quo
1351 2127 1493 2167 minus
1516 2142 1517 2145 ¹

172 2193 310 2245 primo
339 2201 503 2244 quoque
532 2198 722 2239 tempore
743 2185 945 2241 judicium
975 2185 1028 2225 de
1057 2186 1097 2224 se
1120 2186 1294 2239 populus
1320 2183 1491 2232 faceret,

130 2249 133 2251 “
173 2252 223 2290 in
252 2259 350 2286 ante
378 2246 465 2285 dies
497 2256 687 2295 octavum
730 2255 769 2283 et
797 2244 1017 2297 septimum
1047 2242 1259 2282 Kalendas
1291 2243 1495 2281 Octobres

176 2306 354 2346 comitiis
375 2303 676 2357 perduellionis
699 2300 808 2340 dicta
830 2301 930 2341 dies.
988 2300 1191 2349 Censores
1211 2300 1423 2353 extemplo
1444 2298 1513 2338 in*

178 2365 329 2403 atrium
357 2361 574 2401 Libertatis
605 2358 907 2399 ascenderunt:
949 2369 1013 2408 et,
1051 2359 1109 2397 ibi
1140 2357 1305 2412 signatis
1333 2357 1496 2405 tabellis

178 2421 377 2477 puhlicis,
406 2418 622 2472 clausoque
646 2418 874 2468 tabulario,
903 2427 944 2457 et
963 2415 1134 2466 dimissis
1153 2416 1280 2458 servis
1306 2415 1496 2470 publicis,

1374 2484 1494 2525 nega-
