1548 2703
175 60 387 110 LIBER
430 68 672 108 xxxvnt:
726 67 1220 107 cinxxvmxxix.
1291 67 1413 119 347»-

46 123 1372 136 ’,ῃ-*βψ*-

53 190 1376 205 *mmm—*-

46 213 281 272 demigrare
304 228 557 271 cogerentur
576 219 628 255 ab
648 218 871 256 Romanis.
929 227 1116 254 ceterum
1142 217 1277 268 ipsine
1300 217 1375 270 libi

47 292 143 317 eum
164 277 371 315 linxerint
391 286 563 323 metum,
593 285 632 313 et
655 275 804 312 timore
818 286 940 312 *vano
959 276 1140 325 quietem
1162 276 1373 324 exuerint,

35 349 102 374 -an
123 335 272 388 jactata
292 333 556 372 sermonibus
575 345 640 371 res
661 331 772 384 apud
794 333 1008 370 Romanos
1030 333 1186 384 perlata
1220 331 1271 369 ad
1303 345 1375 371 eos

35 392 115 440 -fit,
153 392 263 430 nihil
289 390 493 444 comperti
519 388 596 428 est:
635 389 713 428 nili
740 387 874 442 quod,
916 387 1021 426 datis
1044 390 1125 440 jam
1150 389 1373 438 obsidibus,

44 460 224 503 repente
246 460 384 502 portas
405 445 669 495 clauserunt3
699 456 739 485 et
767 460 825 484 ne
855 443 1024 484 suorum
1054 447 1218 498 quidem
1242 448 1374 500 preci-

46 509 120 547 bus
140 505 326 555 (miserat
352 505 466 543 enim
487 503 560 542 sub
580 516 722 542 muros
744 502 886 542 consul
911 504 962 541 ad
984 505 1237 542 tentandam
1257 503 1372 543 mise-

45 563 271 603 ricordiam
293 573 520 617 parentum
536 562 907 614 populariumque)
930 560 1121 599 desistere
1138 564 1188 600 ab
1203 564 1371 614 incepto

45 622 283 661 voluerunt.
351 619 598 674 Oppugnari
629 617 823 667 deinde,
857 617 1071 671 postquam
1098 620 1206 657 nihil
1239 621 1374 672 pacati

46 678 404 732 respondebatur,
435 687 580 730 coepta
601 678 698 715 urbs
727 674 797 715 est.
830 688 1074 728 apparatum
1095 691 1270 716 omnem
1291 689 1374 715 tor·

47 747 290 775 mentorum
321 734 697 786 machinarumque
725 744 1009 773 transvectum
1042 738 1092 773 ab
1122 734 1374 774 Ambraciae

49 793 366 847 oppugnatione
385 792 585 830 habebat:
621 802 662 829 et
684 805 813 844 opera
828 819 840 838 ,
882 805 986 844 quae
1016 791 1212 831 facienda
1236 803 1372 842 erant,

46 852 225 904 impigre
247 850 398 890 milites
420 849 706 903 perfecerunt.
755 848 916 888 duobus
937 850 1062 902 igitur
1084 851 1185 892 locis
1214 849 1374 890 admoti

44 909 198 948 arietes
221 909 464 963 quatiebant
481 919 637 947 muros.

158 1023 304 1062 XXIX.
361 1022 454 1062 Nec
476 1024 528 1060 ab
548 1022 729 1062 Samaeis
754 1022 1006 1076 quidquam,
1039 1038 1120 1077 quo
1138 1035 1208 1063 aut
1228 1039 1369 1078 opera,

44 1090 114 1119 aut
133 1081 258 1120 hostis
271 1081 405 1119 arceri
424 1079 568 1134 posset,
592 1080 923 1133 praetermissum
947 1080 1015 1121 est.
1048 1081 1206 1120 duabus
1226 1094 1372 1122 tamen

43 1139 229 1177 maxime
254 1137 493 1177 resistebant
511 1140 658 1176 rebus:
689 1151 788 1187 una,
814 1140 1058 1178 interiorem
1073 1139 1236 1192 semper
1258 1142 1374 1194 juxta

45 1196 232 1235 validum
263 1210 339 1249 pro
369 1195 508 1234 diruto
532 1209 691 1235 novum
720 1195 981 1234 obstruentes
1001 1208 1195 1247 murum3
1225 1199 1369 1247 altera,

46 1253 336 1307 eruptionibus
357 1252 522 1301 subitis,
553 1267 674 1292 nunc
701 1254 749 1291 in
780 1268 908 1307 opera
935 1253 1136 1304 hostium,
1175 1270 1295 1294 nunc
1321 1257 1373 1295 in

44 1310 255 1359 stationes,
284 1321 324 1349 et
337 1313 584 1363 plerumque
603 1312 652 1349 iis
670 1312 838 1365 proeliis
849 1310 1081 1364 superiores
1102 1324 1236 1352 erant.
1271 1315 1374 1353 Una.

45 1367 100 1406 ad
129 1367 386 1409 coercendos
417 1369 596 1408 inventa
624 1367 737 1407 haud
765 1383 918 1422 magna
946 1381 1178 1409 memoratu
1208 1385 1276 1410 res
1297 1371 1371 1410 est.

46 1427 229 1465 Centum
248 1425 484 1466 funditores
519 1427 570 1465 ab
602 1426 732 1479 Aegio
762 1437 803 1465 et
825 1428 952 1466 Patris
980 1438 1020 1466 et
1047 1428 1200 1481 Dymis
1235 1430 1369 1468 acciti.

43 1482 84 1522 A
106 1484 247 1538 pueris
277 1485 329 1533 ii,
365 1498 483 1523 more
513 1483 690 1536 quodam
722 1485 879 1536 gentis,
916 1485 1021 1525 saxis
1047 1486 1241 1540 globosis,
1283 1487 1371 1540 qui-

45 1543 123 1580 bus
144 1541 278 1580 ferme
299 1556 455 1581 arenae
477 1542 678 1581 immixtis
690 1540 818 1581 strata
835 1543 956 1581 litora
971 1543 1079 1592 sunt,
1102 1543 1237 1582 sunda
1252 1557 1370 1583 mare

46 1609 235 1652 apertum
258 1599 535 1648 incessentes,
565 1601 883 1638 exercebantur.
932 1601 1069 1653 itaque
1095 1603 1260 1655 longius
1281 1616 1370 1641 cer-

46 1657 208 1710 tiusque
237 1667 277 1695 et
304 1658 506 1696 validiore
535 1659 644 1706 icttl,
688 1672 810 1710 quam
852 1658 1026 1697 Baliaris
1055 1658 1268 1708 funditor,
1295 1674 1370 1698 -eo

45 1716 130 1752 telo
150 1713 205 1753 uli
228 1716 335 1755 sunt.
377 1727 418 1754 et
447 1716 505 1754 est
524 1730 616 1754 non
637 1714 832 1769 fimplicis
854 1715 1067 1766 habenae,
1099 1729 1143 1756 ut
1166 1718 1370 1756 Baliarica

45 1773 309 1827 aliarumque
338 1774 525 1827 gentium
548 1772 702 1812 funda:
735 1772 806 1812 sed
827 1775 980 1828 triplex
1007 1774 1179 1825 scutale,
1209 1775 1368 1814 crebris

36 1831 195 1872 suturis
227 1832 445 1880 duratum,
505 1845 562 1869 ne
600 1832 709 1870 fluxa
747 1833 914 1871 habena
946 1833 1152 1880 volutetur
1182 1835 1229 1872 in
1260 1833 1369 1885 jactu

43 1890 186 1944 glan83
212 1889 305 1939 sed,
333 1890 482 1928 librata
502 1904 595 1927 cum
613 1889 792 1939 sederit,
818 1891 931 1929 velut
958 1904 1090 1930 nervo
1109 1891 1227 1929 missa
1245 1903 1368 1929 excu-

44 1948 186 1988 tiatur.
243 1961 420 1986 coronas
440 1946 594 1985 modici
616 1948 760 1986 circuli
779 1961 932 2002 magno
962 1963 1013 1987 ex
1034 1950 1256 1987 intervallo
1285 1946 1368 1986 loci

45 2003 189 2044 assueti
212 2007 424 2058 trajicere,
459 2018 551 2043 non
570 2007 702 2058 capita
721 2004 850 2044 solum
871 2006 1049 2045 hostium
1072 2007 1365 2052 vulnerabant,

44 2061 116 2100 sed
141 2076 262 2114 quem
287 2064 423 2101 locum
442 2061 714 2101 destinassent
733 2064 830 2103 oris.
885 2064 971 2103 Eae
994 2063 1154 2103 fundae
1176 2066 1366 2104 Samaeos

46 2120 338 2169 cohibuerunt,
363 2134 420 2159 ne
443 2130 526 2158 tam
548 2123 708 2169 crebro,
730 2135 839 2160 neve
859 2132 942 2160 tam
961 2122 1158 2161 audacter
1177 2133 1367 2172 erumpe-

45 2189 166 2216 rent:
198 2178 301 2216 adeo
322 2189 364 2215 ut
387 2189 662 2232 precarentur
684 2192 736 2217 ex
754 2180 883 2218 muris
903 2178 1107 2228 Achaeos,
1139 2190 1183 2219 ut
1201 2192 1366 2233 parum-

45 2248 123 2287 per
153 2235 452 2285 abscederent,
490 2246 530 2274 et
556 2235 616 2284 se,
651 2250 752 2278 ,cum
789 2237 990 2276 Romanis
1020 2238 1263 2276 stationibus
1293 2249 1366 2288 pu-

45 2302 237 2344 gnantes,
263 2293 399 2346 quiete
419 2293 666 2348 spectarent.
711 2296 896 2345 Quatuor
918 2295 1081 2334 menses
1105 2294 1368 2334 obsidionem

48 2350 169 2388 Same
201 2350 402 2389 sustinuit.
468 2365 562 2389 cum
594 2365 645 2389 ex
674 2354 812 2405 paucis
843 2353 1027 2405 quotidie
1062 2353 1189 2406 aliqui
1219 2363 1365 2390 eorum

14 2440 16 2443 .
46 2406 261 2458 caderent,
294 2418 361 2446 aut
380 2409 721 2460 vulnerarentur,
749 2421 800 2460 et,
830 2411 900 2463 qui
918 2409 1178 2464 superarent,
1210 2407 1301 2447 feffi
1325 2415 1367 2444 et

46 2462 289 2520 corporibus
308 2476 349 2507 et
370 2466 523 2509 animis
545 2464 702 2519 essent;
740 2468 927 2517 Romani
953 2479 1079 2510 nocte
1107 2482 1185 2523 per
1210 2478 1366 2511 arcem,

1241 2535 1363 2577 qua-XT!
