1548 2703
8 2477 10 2518 l

254 65 288 105 L
318 66 339 109 ,Ῑ
370 65 469 107 ΒΕ
499 66 540 105 R
579 66 728 107 XLIII.
788 66 900 105 Cm.
923 66 1009 106 ΧΠ.
1035 65 1147 114 xm.
1290 70 1374 116 577

316 138 363 173 U.
392 137 435 174 C.
469 139 563 181 583.
768 149 802 172 a.
834 137 874 174 C.
910 137 956 173 N.
999 134 1089 187 169.

18 204 188 262 simillia,
219 214 420 252 sociorum
444 213 630 252 nominis
655 213 792 251 Latini
815 212 885 250 sex
915 214 1071 251 milliat
1100 214 1256 266 equites
1281 215 1363 252 Ro-

35 284 185 313 manos
209 270 416 313 ducentos*
433 271 761 322 quinquaginta,
799 268 926 309 socios
956 281 1178 310 trecentos.
1212 317 1216 319 λ
1242 273 1362 311 Vete-

36 343 102 373 res
121 329 272 367 milites
294 327 468 374 dimitti,
497 327 556 364 ita
580 337 623 364 ut
644 328 691 365 in
714 326 892 380 singulas
925 328 1140 366 Romanas
1172 328 1360 380 legiones

34 399 93 427 :ne
112 387 202 440 plus
223 386 324 424 sena
344 384 470 422 millia
496 382 696 434 peditum,
723 385 900 422 trecenti
924 385 1080 437 equites
1099 384 1246 424 essent.
1287 386 1360 424 Al-

23 445 115 484 ‚teri
136 442 295 482 consuli
316 442 454 479 nullus
476 452 610 479 certus
634 442 772 480 finitus
797 455 1000 481 numerus
1029 442 1183 485 civium
1206 443 1360 481 Roma-

35 516 212 549 norum,
246 513 368 552 quem
399 499 446 536 in
476 497 812 550 supplementum
844 499 1012 564 legeret-⁷.
1053 498 1099 537 id
1119 498 1244 537 modo
1268 498 1362 538 fini-

36 571 149 607 tum,
180 568 224 595 ut
246 556 347 595 duas
368 556 549 607 legiones
575 555 782 605 scriberet,
816 570 921 608 quae
940 557 1070 609 quina
1090 557 1219 595 millia
1245 557 1361 609 pedi-

36 628 121 656 tum
143 625 184 654 et
205 613 391 653 ducenos
413 613 542 651 habet
545 623 641 662 ent
669 614 824 666 equites
842 624 1047 653 trecenos.
1109 615 1360 667 Latinorum.

34 674 189 726 major,
219 686 340 724 quam
365 672 566 723 collegae,
599 670 789 710 decretus
819 682 1048 712 numerus:
1077 672 1263 725 peditum
1288 672 1360 710 de-

35 746 127 770 cem
146 730 278 769 millia
299 740 339 767 et
361 728 548 766 sexcenti
567 728 735 794 equites.
797 740 973 780 quatuor
1001 741 1215 782 praeterea
1234 731 1360 783 legio·

34 802 113 828 nes
133 786 255 827 scribi
277 785 424 838 jussae,
454 799 581 837 quae,
615 785 642 822 fi
662 801 742 836 quo
759 798 860 839 opus
882 785 995 835 esset,
1026 786 1355 828 deducerentur.

35 847 249 884 Tribunos
280 844 369 889 his,
415 856 507 881 non
533 842 800 894 permissum,
851 854 894 881 ut
924 843 1112 883 consules
1141 843 1359 886 facerent:

33 903 211 959 populus
233 901 399 939 creavit.
459 900 585 939 Sociis
615 901 802 939 nominis
831 900 966 940 Latini
991 901 1198 940 sexdecim
1226 903 1358 942 millia.

34 960 246 1015 peditum,
296 968 337 996 et
368 958 481 996 mille
510 958 667 1010 equites
696 958 901 1011 imperati.
974 960 1097 997 Hunc
1123 961 1357 1000 exercitum

34 1017 176 1072 parari
202 1027 365 1055 tantum
394 1015 567 1068 placuit,
613 1025 658 1052 ut
690 1016 861 1066 exiret,
894 1015 924 1054 fi
955 1031 1035 1069 quo
1062 1030 1127 1056 res
1155 1017 1359 1070 posceret.

33 1073 284 1119 Macedonia
304 1074 486 1111 maxime
511 1086 654 1110 curam
676 1075 912 1126 praebebat.
970 1075 1018 1112 in
1040 1074 1206 1128 classem
1238 1077 1357 1115 mille

17 1128 133 1171 'socii
154 1132 324 1171 navales
345 1131 453 1170 cives
475 1130 658 1168 Romani
684 1131 871 1169 libertini
904 1130 1087 1180 ordinis,
1130 1146 1183 1171 ex
1205 1133 1357 1172 ltalia*

35 1189 162 1230 scribi
178 1188 290 1254 ju.sfi;
319 1187 492 1226 totidem
516 1197 558 1225 ut
577 1201 630 1226 ex
646 1187 783 1226 Sicilia
801 1187 1101 1228 scriberentur:
1134 1200 1186 1237 et,
1218 1190 1285 1230 cui
1308 1205 1357 1230 ea

35 1247 253 1302 provincia
276 1244 498 1291 evenisset,
526 1243 781 1294 mandatum,
816 1256 861 1283 ut
881 1259 949 1284 eos
974 1247 1021 1285 in
1045 1246 1356 1298 Macedoniam,

37 1306 276 1355 ubicunque
298 1302 427 1341 classis
451 1274 570 1350 esset,
599 1302 881 1355 deportandos
903 1313 1078 1343 curaret
1139 1305 1190 1342 In
1215 1307 1359 1359 Hispa.

37 1363 155 1401 niam
174 1362 252 1399 tria
270 1360 399 1398 millia
417 1358 606 1412 peditum
626 1360 848 1398 Romano}
852 1375 917 1398 um
931 1361 978 1399 111
1001 1360 1358 1414 supplementum,

37 1418 216 1458 trecenti
236 1418 393 1470 equites
413 1416 582 1456 decreti.
643 1417 801 1456 Finitus
829 1418 886 1456 ibi
909 1433 1071 1471 quoque
1107 1420 1150 1457 in
1170 1421 1360 1472 legiones

36 1477 214 1515 militum
233 1488 450 1522 numerus,
478 1474 666 1540 peditum
687 1475 816 1527 quina
836 1476 989 1524 millia,
1017 1478 1196 1515 trecenti
1226 1489 1265 1516 et
1287 1479 1359 1518 tri-

36 1534 135 1573 ceni
158 1533 326 1585 equites.
361 1532 437 1570 Et
461 1531 552 1570 soci
544 1545 576 1570 is
598 1533 806 1585 imperare
826 1544 1016 1585 praetor,
1053 1534 1119 1571 cui
1152 1536 1359 1595 Hispania

17 1593 175 1639 ¹obven
181 1589 293 1651 isset,
332 1564 458 1643 jussus
489 1600 661 1643 quatuor
683 1590 816 1629 millia
836 1589 1050 1644 peditum,
1087 1601 1128 1630 et
1147 1602 1356 1633 trecentos

36 1649 206 1702 equites.

149 1765 263 1804 XIII
315 1762 424 1803 Non
444 1761 533 1802 sum
553 1761 728 1814 nescius,
750 1764 800 1802 ab
822 1762 965 1804 eadem
987 1765 1258 1819 negligentia,
1277 1779 1360 1819 qua.

35 1824 146 1865 nihi]
168 1822 283 1861 Deos
303 1821 560 1875 portendere
579 1822 700 1874 vulgo
718 1835 838 1860 nunc
857 1823 1052 1872 credant,
1084 1837 1250 1880 neque
1246 1837 1359 1862 nun-

37 1882 132 1921 tiari
161 1879 387 1918 admodum
418 1880 534 1917 nulla
567 1878 757 1932 prodigia
787 1880 835 1918 in
865 1881 1101 1933 publicum,
1139 1894 1277 1933 neque
1308 1882 1359 1920 in.

36 1939 212 1978 annales
235 1936 346 1975 refei
350 1937 398 1975 ri.
440 1947 625 1976 ceterum
647 1948 686 1975 et
701 1937 824 1986 mihi,
858 1937 1031 1977 vetustas
1053 1951 1118 1976 res
1140 1937 1358 1988 scribenti,

0 2028 1 2044 2
34 1995 175 2036 nescio
194 2009 274 2048 quo
292 2004 435 2048 pacto,
467 1995 661 2047 antiquus
689 1993 729 2032 fit
747 1996 937 2061 anj1nu83
965 2006 1005 2034 et
1031 1995 1233 2049 quaedam
1262 1996 1362 2034 reli-

0 2055 101 2108 gio
123 2063 253 2102 tenet,
277 2066 381 2105 quae
401 2052 462 2090 illi
481 2050 792 2104 prudentissimi
810 2053 889 2091 viti
909 2054 1075 2106 publice
1094 2051 1360 2106 suscipienda.

36 2082 292 2159 censuerint,
322 2123 371 2148 ea
392 2124 469 2162 pro
491 2108 627 2162 dignis
649 2108 821 2158 habere,
852 2124 956 2163 quae
974 2110 1021 2148 in
1046 2123 1157 2148 mens
1179 2112 1364 2149 annales

2 2157 4 2204 ¹,
37 2162 231 2207 referam.
291 2167 490 2219 Anagnia
511 2166 593 2205 duo
613 2165 800 2219 prodigia
822 2181 868 2206 eo
889 2181 1004 2205 anno
1028 2164 1122 2205 sunt
1140 2169 1363 2206 nuntiatat

0 2224 5 2273 ’ᾗ
36 2224 202 2264 facem
192 2238 240 2264 m
261 2225 377 2264 coelo
397 2223 705 2277 conspectam,
715 2235 757 2262 et
777 2226 924 2265 11010111
949 2221 1153 2263 feminam
1176 2226 1362 2263 locutam

35 2283 202 2337 publice
212 2283 286 2327 ,ali.
344 2281 578 2320 Minturnis
600 2295 764 2334 quoque
789 2296 865 2336 per
885 2296 954 2321 eos
975 2281 1064 2321 dies
1082 2283 1190 2321 coeli
1208 2283 1362 2320 arden·

6 2364 7 2378 1
35 2341 85 2379 tis
108 2338 259 2392 species
283 2337 506 2378 affulserat.
565 2339 699 2379 Reate
723 2340 850 2378 imbri
879 2338 1092 2393 lapidavit.
1152 2340 1292 2379 Cumis
1313 2340 1362 2377 111

36 2410 132 2437 arce
152 2395 304 2450 Apollo
322 2397 509 2436 triduum
529 2409 577 2436 ac
604 2406 687 2435 tres
717 2407 860 2435 noctes
881 2397 1127 2436 lacrimavit.
1184 2397 1233 2435 in
1257 2398 1364 2434 urbe

48 2454 230 2492 *Romana
248 2453 330 2492 duo
349 2452 506 2493 aeditui
525 2453 792 2505 nuntiarunt,
813 2454 934 2504 alter,
957 2454 1006 2494 in
1020 2453 1130 2504 =aede
1148 2454 1364 2493 Fortunae
1392 2475 1395 2478 -

96 2509 143 2553 T.
167 2511 276 2559 Livii
300 2508 406 2555 Tom-
428 2509 509 2568 HI.
846 2513 916 2560 Oe
1289 2522 1366 2550 an—

1332 2615 1343 2630 N.
