1548 2703
124 78 213 129 564.
342 76 546 117 LIBER
576 77 701 121 XLII..
760 78 875 116 CAP.
908 78 1026 118 LXV.
1054 79 1194 118 LXVI.

133 197 1458 217 ῥ-η-ῄ--ῄ--ῄ--η-ῇῄ--ο--Ἀ

132 226 242 266 bus
231 239 371 279 impar
402 236 514 274 etat,
559 225 757 266 defensm
760 241 817 266 us.
878 226 942 264 Ibi
962 240 1057 265 cum
1077 226 1126 264 in
1148 228 1295 267 01110111
1317 225 1467 264 milites

131 282 350 337 coegisset,
390 294 436 324 ut
457 282 639 323 densatis
668 283 789 330 scutis
820 284 871 322 ab
900 284 1010 338 jactu
1029 283 1267 336 [animarum
1295 293 1337 321 et
1361 283 1466 335 jacu-

129 340 273 380 lorum
301 340 384 379 sese
413 351 656 390 tuerentur,
698 341 886 389 Perseus,
925 340 1184 380 circumdato
1216 340 1387 379 armatis
1407 350 1465 379 tu—

129 398 269 446 mulo,
301 397 402 435 alios
424 397 638 436 ascensum
660 398 847 451 undique
867 408 1034 436 tentare
1056 399 1182 452 jubet,
1213 408 1254 436 et
1272 398 1464 440 cominus

161 454 342 493 roelium
361 454 596 504 conserere,
629 455 728 494 alios
753 455 918 494 eminus
940 455 1053 493 tela
1042 468 1251 507 ingerere.
1292 451 1467 507 Anceps

110 469 350 561 *Romanos
371 523 511 551 terror
533 513 848 552 circumstabat.
890 526 992 550 nam
1022 526 1162 564 neque
1193 509 1374 550 conferti
1394 525 1466 564 puy

128 582 266 623 gnare
287 579 464 622 propter
486 583 577 619 eos,
618 570 687 622 qui
709 568 937 608 ascendere
957 569 1006 607 in
1025 570 1233 616 tumulum
1255 569 1465 607 conaban-

129 637 223 675 tur,
265 636 487 679 poterant:
531 638 593 676 et,
634 627 707 666 ubi
734 626 907 665 ordines
929 625 1220 680 procursando
1239 623 1464 674 solvissent,

129 685 334 739 patebant
352 683 492 738 jaculis
515 683 730 737 sagittisve.
758 684 943 723 Maxime
964 682 1359 737 cestrosphendonis
1380 682 1463 723 vul-

132 742 414 781 nerabantur.
474 741 555 780 hoc
580 740 653 780 illo
684 741 795 781 bello
815 756 975 781 novum
996 755 1125 794 genus
1145 741 1217 780 teli
1241 741 1467 780 inventum

132 799 205 839 est.
266 798 458 851 Bipalme
477 798 681 852 spiculum
709 799 846 838 hastili
865 798 1139 838 semicubitali
1159 798 1338 838 infixum
1359 806 1462 846 erat,

132 854 406 896 crassitudine
428 854 569 909 digiti:
600 857 699 896 huic
729 856 783 895 ad
802 857 1016 895 libramen
1035 857 1198 910 pinnae
1222 866 1328 905 tres,
1352 855 1465 895 velut

132 912 287 967 sagittis
312 912 470 961 solent,
501 913 898 963 circumdabantur3
926 913 1060 953 sunda
1081 914 1221 953 media
1242 911 1324 952 duo
1345 911 1464 951 funa-

129 971 189 1010 lia
211 970 392 1023 imparia
403 970 597 1008 habebat.
657 986 753 1010 cum
773 971 924 1026 majori
933 969 1256 1010 finuliberatum
1268 969 1464 1009 Funditor

129 1026 302 1067 habena
323 1037 483 1065 rotaret
503 1027 716 1067 excussum
729 1057 740 1077 ,
782 1029 895 1068 velut
912 1030 1052 1081 glans,
1084 1029 1303 1068 emicabat.
1359 1028 1465 1066 Cum

130 1096 173 1125 et
193 1084 299 1134 hoc,
331 1095 372 1123 et
390 1084 470 1123 alio
490 1085 611 1122 omni
631 1099 788 1138 genere
806 1085 1008 1135 telorum,
1034 1099 1131 1139 pars
1157 1086 1377 1127 vulnerata
1386 1083 1462 1122 mi-

129 1143 254 1182 litum
277 1141 390 1191 esset,
420 1155 502 1180 nec
523 1141 646 1181 facile
666 1145 751 1198 jam
763 1157 881 1181 arma
898 1142 986 1182 fessi
1008 1143 1276 1191 sustinerent,
1305 1141 1465 1180 instare

130 1214 223 1249 rex,
254 1209 299 1238 ut
321 1198 530 1237 dederent
549 1199 604 1249 se,
636 1199 764 1239 fidem
785 1200 900 1249 dare,
928 1201 1118 1254 praemia
1140 1198 1357 1239 interdum
1377 1197 1463 1252 pol-

130 1257 275 1298 liceri:
335 1270 416 1295 nec
447 1257 686 1311 cujusquam
719 1257 774 1296 ad
805 1257 1068 1296 deditionem
1099 1258 1340 1297 flectebatur
1378 1255 1464 1295 ani-

130 1328 246 1363 mus;
286 1329 381 1353 cum
411 1327 463 1352 ex
483 1313 629 1368 inspei
632 1327 698 1354 ato
717 1317 802 1371 jam
823 1316 1038 1355 obstinatis
1057 1317 1168 1354 mori
1189 1315 1279 1368 spes
1301 1311 1464 1353 affulfit.

128 1373 245 1412 'Nam
266 1386 361 1410 cum
384 1385 436 1410 ex
453 1369 830 1412 frumentatoribus
861 1373 1113 1426 refugientes
1138 1371 1341 1426 quidam
1330 1385 1380 1410 ln
1401 1385 1464 1410 ca-

130 1430 216 1470 stra
237 1428 502 1468 nuntiassent
524 1429 709 1479 consuli,
753 1430 1039 1470 circumsideri
1060 1429 1338 1484 praesidium;
1376 1442 1463 1466 mo-

127 1498 191 1527 tus
235 1501 328 1540 peri
316 1486 424 1525 101110
463 1496 523 1524 tot
567 1487 721 1527 civium
772 1489 893 1538 (nam
931 1487 1160 1541 octingenti
1201 1486 1360 1535 ferme,
1421 1494 1464 1523 et

128 1557 278 1583 omnes
301 1543 487 1582 Romani
499 1557 545 1581 er
548 1546 638 1593 ant)
659 1559 755 1584 eum
775 1545 956 1598 equitatu
974 1560 1021 1584 ac
1045 1520 1124 1585 levi
1151 1555 1365 1582 armatura
1384 1543 1463 1592 (ac-

129 1602 337 1642 cesserant
363 1614 475 1639 nova
507 1601 687 1651 auxilia,
735 1602 947 1641 Numidae
976 1599 1136 1656 pedites
1156 1601 1391 1654 equitesque
1420 1611 1462 1640 et

128 1658 362 1713 elephanti)
399 1657 541 1698 castris
572 1658 806 1712 egreditur:
855 1671 895 1699 et
919 1659 1100 1699 tribunis
1128 1658 1342 1697 militum
1331 1671 1461 1712 impe·

128 1728 218 1766 r‚at
250 1728 294 1755 ut
312 1716 530 1768 legionum
550 1715 665 1770 signa
684 1717 921 1770 sequantur.
983 1717 1087 1770 Ipse,
1117 1715 1307 1757 velitibus
1325 1713 1379 1753 ad
1396 1715 1462 1753 fir·

71 1816 73 1820 ,
127 1773 291 1813 manda
324 1773 480 1813 levium
515 1787 736 1813 armorum
766 1775 919 1813 auxilia
941 1773 1132 1830 adjectis,
1171 1772 1226 1811 ad
1251 1773 1461 1812 tumulum

126 1830 357 1887 praecedit.
418 1831 598 1871 consulis
619 1832 751 1870 latera
770 1842 916 1885 tegunt
933 1831 1168 1880 Eumenes,
1205 1828 1388 1879 Attalus,
1420 1839 1462 1869 et

125 1889 382 1943 Misagenes,
411 1889 575 1941 regulus
604 1887 901 1929 Numidarum.
1213 1910 1239 1936 ,ᾗ

225 2003 367 2044 LXVI.
428 2005 536 2044 Cum
563 2004 614 2043 in
646 2004 871 2057 conspectu
892 2003 1033 2057 prima
1053 2001 1168 2056 ligna
1195 2002 1364 2043 suorum
1381 2000 1458 2040 cir

120 2061 326 2101 eumseffis
364 2059 558 2117 fuerunt,
605 2062 811 2101 Romanis
848 2061 1020 2115 quidem
1049 2056 1111 2098 ab
1141 2060 1287 2099 ultima
1319 2057 1457 2112 despe-

120 2119 289 2159 ratione
325 2131 535 2159 recreatus
574 2119 631 2159 est
673 2119 860 2158 animus:
920 2118 1105 2167 Perseus,
1165 2118 1230 2156 cui
1267 2116 1458 2172 primum

63 2224 66 2228 ι
119 2178 318 2217 omnium
346 2175 506 2227 fuerat,
538 2189 603 2227 ut,
636 2187 860 2217 contentus
892 2175 1064 2215 fortuito
1097 2173 1298 2224 successu,
1329 2173 1460 2227 captis
1488 2190 1494 2198 =·

120 2233 279 2287 aliquot
298 2232 674 2274 frumentatoribus
693 2233 923 2288 occisisque,
952 2246 1045 2271 non
1064 2242 1223 2271 tereret
1229 2242 1390 2285 tempus
1407 2231 1458 2271 in

121 2291 337 2330 obsidione
361 2291 575 2345 praesidii3
605 2291 849 2341 secundum,
877 2305 924 2329 ea
946 2302 1107 2343 quoque
1129 2300 1289 2329 tentata
1309 2299 1455 2327 utcun-

117 2362 218 2401 que,
254 2364 350 2389 cum
377 2349 500 2388 sciret
523 2350 634 2388 nihil
664 2350 829 2388 roboris
859 2348 999 2387 secum
1028 2347 1133 2396 esse,
1180 2345 1281 2385 dum
1309 2346 1457 2386 liceret

115 2404 324 2457 intactos
339 2407 479 2457 abire3
517 2417 557 2446 et
584 2407 671 2461 ipse
703 2406 884 2446 hostium
914 2404 1167 2452 adventum,
1212 2405 1341 2443 elatus
1370 2403 1454 2442 suc-

112 2463 247 2513 eess'u,
281 2463 459 2516 mansit,
488 2475 551 2516 et,
592 2464 664 2519 qui
681 2464 938 2519 phalangem
955 2461 1232 2512 arcesserent,
1268 2472 1455 2558 prcfflre

1424 2527 1439 2555 t
