1548 2703
276 103 537 145 LIBROR.
575 103 1170 159 DEPERDITORUM.
1206 135 1208 137 »
1295 118 1382 164 709

58 228 1378 240 ᾑ--κ--ῌ-ῂ--ᾑ-

48 252 130 304 ¹lius
153 253 324 306 censores
344 254 512 308 asperam
531 253 722 307 censuram
743 265 921 308 egerunt,
942 265 1111 307 quatuor
1125 267 1161 293 et
1171 254 1382 310 sexaginta

45 308 180 362 finatu
202 313 341 349 motis:
371 326 392 350 a
415 311 576 363 quibus,
606 309 726 360 lustro
757 309 910 349 condito
928 339 939 359 ,
983 311 1203 365 censtisunt
1234 314 1379 352 civium

53 370 179 418 capita
198 367 482 423 quadringenta
503 368 788 423 quinquaginta
805 367 936 408 millia.
996 367 1042 406 L.
1064 367 1251 409 Metellus
1263 382 1380 422 prae-

53 436 118 474 tor
149 427 187 462 in
214 425 345 465 Sicilia
376 424 557 479 ael-versus
583 427 737 478 piratas
757 423 945 478 prospere
976 439 1055 464 rem
1078 424 1202 481 gessit.
1263 425 1379 468 ‘Tem-

51 481 160 534 plum
186 479 301 527 Jovz’s
331 486 371 522 in
399 480 618 534 Capitolio,
651 481 756 535 quod
782 485 958 521 incendio
986 483 1217 535 consumtum
1246 497 1288 523 ac
1315 497 1379 526 re-

42 538 190 591 fectum
221 553 329 586 erat,
376 554 396 579 a
426 539 477 591 Q.
505 538 642 579 Catulo
673 539 886 579 dedicatum
915 538 976 589 est.
1048 539 1092 580 L.
1115 539 1298 581 Lucullus
1331 544 1379 582 in

50 597 232 635 Armenia
254 594 530 636 Mithridatem
556 609 593 635 et
630 595 857 652 Tigranem,
894 610 932 636 et
960 600 1135 653 ingentes
1164 601 1377 653 utriusque

47 656 153 707 regis
174 658 297 705 copias
311 671 327 703 ,*
354 655 537 707 pluribus
561 654 724 707 proeliis
745 653 865 699 fudit.
928 654 978 706 Q.
1002 654 1187 693 Metellus
1208 669 1380 709 procon-

40 709 263 763 sul,‘bello
278 710 351 758 fibi
379 711 562 766 adversus
596 710 795 765 Cretenses
818 711 1010 760 mandato:
1064 711 1277 767 Cydoniam
1307 726 1383 753 ur-

47 768 125 806 bem
146 767 297 822 obsedit.
363 769 406 808 C.
440 769 642 813 Triarius,
688 767 837 823 legatus
872 768 1052 817 Luculli,
1081 770 1265 824 adversus
1291 770 1381 812 Mi.

48 823 257 865 zltridatem
276 839 417 878 parum
436 826 625 880 prospere
646 829 849 881 pugnavit.
913 826 1138 877 Lucullum,
1171 842 1215 866 ne
1244 830 1378 881 perse·

46 896 236 935 queretur
268 882 546 927 Mitlzriolatem
575 896 619 921 ac
649 881 876 938 Tigranem,
904 883 1161 938 summamque
1187 887 1376 925 vimrz'ae

49 942 285 992 imponeret,
314 940 460 996 seditio
483 939 650 980 militum
670 944 819 986 tenuit,
853 941 1070 994 quiasequi
1091 941 1289 982 nolebam.-
1330 941 1378 982 iol

48 996 120 1048 est,
156 1000 243 1050 quia
262 998 436 1054 legiones
454 998 705 1050 Valerianae,
738 997 894 1052 impleta
922 996 1005 1053 ase
1019 996 1220 1053 stipendia
1246 998 1376 1041 dicen-

47 1067 123 1105 tes,
155 1054 355 1096 Lucullum
379 1055 635 1111 reliquerunt.

622 1223 791 1272 XCJX.
1095 1271 1101 1274 .

52 1310 122 1396 Q.
153 1331 339 1372 Metellus
379 1331 589 1386 proconsul
624 1331 816 1384 Gnoffon‚
867 1344 905 1372 et
938 1330 1125 1387 Lyctum,
1173 1345 1211 1373 et
1244 1331 1374 1389 Cydo-

45 1404 164 1440 mam,
197 1404 233 1429 et
253 1390 348 1430 alias
367 1389 556 1442 plurimas
577 1389 689 1429 urbes
710 1393 968 1445 expugnavit.
1031 1390 1075 1429 L.
1106 1390 1262 1451 Roscius
1293 1394 1374 1431 tri-

45 1447 167 1487 bunus
186 1447 307 1500 plebis
331 1446 448 1502 legem
475 1446 591 1492 tulit,
637 1456 683 1487 ut
706 1448 895 1500 equitibus
931 1447 1111 1487 Romanis
1143 1451 1183 1487 in
1215 1446 1372 1488 tlteatro

45 1503 330 1556 quatuordecim
360 1503 505 1559 gradus
535 1507 712 1558 proximi
739 1502 1040 1561 assignarentur.
1106 1504 1164 1545 Cn
1208 1505 1373 1558 Pompe-

40 1565 119 1617 7‘us‚
147 1562 226 1617 lege
250 1560 299 1600 nol
319 1562 507 1615 populum
529 1561 616 1610 lata,
648 1563 823 1615 persequi
844 1566 1000 1615 piratas
1013 1562 1156 1617 juffus,
1189 1564 1257 1616 qui
1276 1575 1373 1603 com·

43 1623 231 1660 mercium>
244 1632 409 1658 annonae
436 1619 753 1673 intercluserunt,
786 1623 892 1659 intra
919 1619 1245 1676 quadragesimum
1268 1620 1369 1661 oliam

44 1689 124 1717 toto
144 1677 242 1716 mari
263 1690 323 1716 eos
341 1675 498 1729 expulit
509 1692 525 1723 ,-
562 1676 732 1730 belloque
751 1690 832 1716 cum
854 1680 903 1717 iis
933 1681 972 1717 in
1009 1677 1146 1717 Cilicia
1174 1677 1364 1730 confecto,

42 1738 207 1785 acceptis
231 1737 271 1772 in
302 1732 527 1773 deditionem
547 1736 691 1784 piratis
713 1748 832 1789 agros
855 1747 892 1774 et
914 1734 1030 1774 urbes
1065 1735 1183 1774 dedit.
1244 1735 1366 1774 Prae·

43 1804 148 1830 terea
181 1805 242 1829 res
268 1789 385 1845 gestas
411 1805 432 1830 a
463 1791 512 1842 Q.
534 1789 695 1830 Metello
723 1790 904 1846 adversus
940 1792 1139 1846 Cretenses
1168 1794 1361 1831 continet:

43 1861 79 1887 et
110 1847 284 1901 epistolas
311 1846 464 1888 Metelli
487 1860 524 1887 et
555 1847 627 1888 Cn.
654 1847 828 1904 Pompeji
853 1851 893 1888 in
913 1852 1031 1890 vicem
1055 1848 1194 1901 miffas.
1256 1848 1366 1901 Que-

40 1908 153 1945 ritur
187 1903 392 1953 Metellus,
451 1905 615 1961 gloriam
636 1906 712 1954 fibi
745 1919 876 1946 rerum
904 1906 1092 1962 gestarum
1119 1921 1140 1946 a
1177 1906 1362 1960 Pompejo

40 1965 254 2016 praeripi;
311 1964 382 2014 qui
416 1965 455 2002 in
500 1961 652 2004 Cretam
681 1963 828 2018 miserit
857 1963 1025 2019 legatum
1052 1965 1160 2016 suum
1189 1963 1238 2003 ael
1264 1965 1361 2003 acci-

40 2019 203 2071 piendas
234 2019 390 2059 urbium
427 2018 652 2064 deditiones.
728 2019 933 2076 Pompejus
983 2025 1168 2063 rationem
1209 2019 1360 2069 reclelit',

39 2075 104 2117 lzoc
114 2077 158 2133 se
176 2076 308 2131 fizcere
329 2076 504 2137 olgbuiffe.

665 2233 717 2278 C.

47 2315 114 2375 C.
137 2335 330 2379 Manilius
361 2343 540 2381 tribunus
561 2342 687 2394 plebis
704 2356 834 2397 magna
855 2341 1117 2397 indignatione
1144 2339 1355 2381 nobilitatis

39 2394 154 2450 lege'm
183 2397 302 2444 tulit,
354 2411 398 2437 ut
441 2398 618 2455 Pompejo
651 2398 972 2440 Mithridaticum
1001 2398 1136 2438 bellum
1161 2398 1360 2439 mandare·

38 2464 119 2494 tur.
192 2453 332 2494 Concio
363 2457 445 2509 ejus
477 2457 586 2496 bona.
657 2457 705 2508 Q.
738 2456 946 2506 Metellus,
993 2456 1225 2509 perdomitis
1260 2454 1360 2494 Cre-

38 2508 223 2562 tenfibus,
273 2510 413 2554 liberae
452 2510 492 2555 in
522 2514 564 2555 iel
594 2527 737 2568 tempus
773 2513 909 2568 insulae
948 2513 1048 2572 leges
1086 2512 1206 2553 cledis.
1248 2511 1355 2608 PCn.

752 2573 780 2611 Y
801 2586 828 2624 y
853 2575 882 2619 3
1282 2582 1356 2609 om·
