1548 2703
120 85 209 136 466
479 74 688 130 LIBER
715 78 807 130 XL:
860 80 974 117 Car.
1006 81 1086 119 XL.

352 150 385 183 U
394 146 967 211 .QL-—————a.
992 149 1037 188 C.
1055 149 1109 188 N.
1138 154 1233 195 180·-

244 225 324 263 XL.
355 222 495 263 Atrox
514 225 669 277 ubique
691 226 915 278 proelium,
947 226 1020 265 sed.
1041 241 1114 268 vai
1118 228 1158 266 ia
1178 226 1351 266 fortuna
1363 238 1465 266 erat.

125 277 290 338 egregie
311 282 518 335 legiones,
557 296 641 320 nec
659 281 822 335 segnius
847 283 953 323 duae
975 285 1062 323 alae
1086 287 1355 339 pugnabant3
1398 299 1465 324 ex-

126 353 253 380 terna
276 341 428 379 auxilia
451 342 501 379 ab
519 340 640 379 simili
655 352 880 390 armatura,
911 342 1089 381 meliore
1110 342 1370 395 aliquantum
1391 339 1465 380 mi-

126 400 250 438 litum
277 411 458 451 genere,
507 399 787 450 urgebantur,
835 414 919 439 nec
949 401 1088 439 locum
1118 399 1227 438 tueri
1251 400 1462 453 poterant.

126 457 351 505 Celtiberi,
389 456 461 496 ubi
481 454 681 494 ordinata
708 456 795 494 acie
830 469 871 496 et
887 457 1011 510 [ignis
1034 457 1192 496 collatis
1210 456 1249 495 [e
1268 471 1362 494 non
1382 456 1467 496 esse

126 514 495 569 pareslegionibus
506 513 742 564 senserunt,
767 529 902 553 cuneo
915 514 1234 568 impressionem
1254 511 1462 558 fecerunt.

128 586 211 626 quo
233 582 399 611 tantum
418 572 562 611 valent
581 585 736 621 cressere
757 586 945 626 pugnae,
977 584 1021 610 ut
1032 602 1043 621 ,
1086 586 1331 625 quacunque
1344 581 1465 625 parte

126 631 349 684 perculere
368 631 531 683 impetu
555 603 650 677 fiio,
676 628 872 668 sustine1i
890 640 1117 682 nequeant.
1178 640 1281 668 tunc
1301 642 1464 682 quoque

127 689 319 727 turbatae
338 688 522 741 legiones
553 686 672 735 sunt,
713 701 847 741 prope
879 688 1122 740 inte11·upta
1146 687 1265 726 acies.
1327 687 1463 736 Quam

126 744 462 798 trepidationem
482 744 554 784 ubi
575 744 745 782 Flaccus
768 745 1009 798 conspexit,
1040 759 1144 811 equo
1166 741 1464 784 advehitur&

126 803 379 856 legionarios
398 802 573 855 equites.
606 811 659 850 et,
696 802 849 856 Ecquid
871 802 1014 841 auxilii
1033 804 1073 840 in
1094 801 1200 841 vobis
1211 800 1280 851 est.
1277 802 1294 829 ²
1323 801 1464 841 Actum
1520 839 1521 843 ,

121 861 204 916 jam
243 860 287 898 de
315 858 384 899 hoc
427 863 607 898 exercitu
640 861 752 898 erit?
810 873 907 898 cum
935 858 1125 911 undique
1155 856 1462 905 acclamassent,

130 919 227 971 quin
249 917 403 962 coleret,
447 915 649 969 quidfieri
669 915 790 961 velit;
828 915 1096 970 nonsegniter
1125 918 1333 968 imperium
1362 914 1462 968 exse,
1496 922 1498 924 ’

129 986 316 1021 tuturos,
381 973 596 1026 Duplicate
633 983 806 1039 turmas,
843 973 1015 1025 inquit,
1065 972 1228 1012 duarum
1268 972 1462 1028 legionum

130 1034 303 1085 equites,
346 1044 383 1069 et
403 1033 620 1083 permittite
651 1043 763 1081 equos
793 1032 833 1069 in
865 1043 1023 1069 cuneum
1047 1027 1230 1079 hostium,
1281 1042 1359 1083 quo
1391 1043 1460 1068 no-

121 1087 233 1140 stros
255 1100 414 1143 urgent.
473 1090 517 1126 id
543 1099 624 1127 cum
642 1087 784 1139 majore
802 1089 843 1127 vi
863 1100 1048 1140 equorum
1067 1087 1252 1140 ficietis,
1287 1084 1460 1138 fieffre-

128 1159 244 1185 natos
269 1148 311 1184 in
343 1159 407 1185 eos
429 1159 544 1198 equos
568 1146 802 1184 immtctitis:
832 1144 938 1197 quod
953 1144 1074 1197 saepe
1104 1143 1290 1184 Romanos
1312 1145 1462 1196 equites

128 1217 212 1243 cum
231 1216 365 1258 magna
386 1201 496 1241 laude
512 1200 646 1254 feciffe
665 1201 762 1254 sua,
803 1205 1003 1241 memoriae
1031 1201 1234 1254 proditum
1265 1199 1326 1250 est.
1381 1199 1460 1239 Di-

126 1263 195 1301 cto
216 1270 465 1314 paruerunt,
488 1259 763 1311 detractiSque
786 1258 920 1298 frenis
940 1259 1001 1297 bis
1024 1260 1133 1298 ultro
1158 1259 1344 1312 citroque
1363 1272 1459 1297 cum

127 1321 283 1372 magna
309 1318 444 1370 strage
465 1316 668 1367 hostium,
708 1315 901 1356 infractis
923 1317 1121 1355 omnibus
1141 1316 1287 1366 hastis,
1325 1326 1458 1355 trans-

125 1386 373 1417 currerunt.
430 1374 638 1428 Diffipato
662 1388 819 1424 cuneo,
859 1375 907 1413 in
929 1389 1009 1427 quo
1037 1374 1176 1413 omnis
1196 1374 1286 1428 [pes
1307 1373 1458 1421 fuerat,

127 1433 331 1475 Celtiberi
351 1432 580 1486 trepidare,
612 1442 664 1481 et,
695 1447 830 1486 prope
847 1432 993 1471 omiss'a
1013 1446 1166 1485 pugna,
1187 1433 1326 1470 locum
1336 1430 1456 1485 fugae

128 1491 463 1544 circumspicere.
522 1489 576 1528 Et
598 1490 716 1528 alarii
738 1490 905 1543 equites,
930 1489 1146 1544 postquam
1162 1491 1458 1528 Romanorum

128 1550 315 1604 equitum
337 1560 422 1586 tam
445 1546 764 1587 memorabiles
763 1548 906 1587 acinus
928 1547 1095 1596 videre,
1128 1558 1167 1586 et
1186 1546 1272 1601 ipfi,
1302 1546 1367 1586 vit·
1371 1557 1456 1585 tute

127 1622 280 1647 eorum
299 1605 481 1655 accenfi,
530 1605 619 1644 11110
655 1605 775 1644 ullius
807 1605 988 1659 imperio
1015 1605 1063 1643 in
1084 1602 1348 1658 perturbatos
1370 1604 1456 1659 jam

127 1665 263 1705 hostes
288 1678 410 1718 equos
431 1664 677 1702 immittunt.
735 1661 860 1702 Tune
895 1677 991 1703 vero
1012 1662 1210 1702 Celtiberi
1238 1675 1384 1701 omnes
1404 1661 1454 1700 in

126 1722 267 1776 fugam
292 1721 590 1770 effunduntur,
613 1732 653 1759 et
677 1720 909 1773 imperator
931 1721 1163 1769 Romanus,
1183 1719 1452 1760 adversosho-

126 1781 205 1821 l'tes
237 1781 564 1845 contemplatus,
605 1778 753 1817 aedem
786 1780 997 1816 Fortunae
1017 1778 1234 1830 Equestii,
1280 1776 1452 1829 Jovique

125 1839 288 1892 optimo
310 1839 495 1877 maximo
514 1835 633 1876 ludos
653 1836 777 1876 vovit.
821 1835 1063 1876 Caeduntur
1083 1835 1281 1883 Celtibeii
1302 1849 1378 1888 per
1395 1844 1451 1872 to-

122 1906 215 1935 tum
244 1896 390 1934 saltum
422 1893 602 1948 disfipati
633 1893 740 1946 fuga.
802 1893 950 1932 decem
980 1904 1020 1932 et
1043 1893 1202 1946 septem
1225 1893 1358 1932 millia
1379 1891 1450 1930 ho-

120 1954 248 1994 stium
268 1953 382 1992 caesa
402 1968 450 1992 eo
471 1952 539 1991 die
562 1951 810 1990 traduntur:
841 1952 1045 2004 vivicapti
1056 1954 1146 2004 plus
1168 1961 1342 2004 quatuor
1360 1949 1450 1987 mil·

121 2011 202 2060 lia,
247 2011 438 2050 ducentis
461 2009 719 2063 septuaeinta
748 2008 903 2063 [eptem
935 2024 1029 2047 cum
1049 2008 1171 2061 lignis
1188 2007 1450 2056 militaribus,

122 2068 236 2122 equis
268 2079 403 2124 prope
428 2068 546 2107 mille
581 2078 766 2105 eentum
826 2067 961 2105 Nullis
989 2066 1106 2104 casti
1097 2080 1130 2104 13
1160 2081 1208 2104 eo
1228 2065 1294 2104 die
1316 2065 1449 2104 victor

119 2127 328 2165 exercitus
348 2125 512 2165 mansit.
572 2123 748 2164 victoria
768 2137 861 2162 non
882 2123 968 2162 line
987 2125 1145 2178 jactura
1164 2123 1346 2162 militum
1357 2121 1448 2161 fuit.

119 2184 424 2237 quadringenti
451 2183 711 2236 septuaginta
741 2180 823 2219 duo
853 2182 1004 2220 milites
1038 2181 1242 2230 Bouiani,
1290 2180 1450 2219 [ocium

118 2255 170 2280 ac
192 2242 332 2280 Latini
355 2241 545 2281 nominis
576 2241 693 2278 mille
716 2239 864 2277 decem
885 2249 924 2277 et
942 2253 1122 2288 novem,
1163 2253 1258 2277 cum
1284 2238 1348 2278 his
1368 2237 1449 2278 tria

115 2298 250 2337 millia
273 2299 453 2338 militum
473 2297 790 2337 auxiliariorum
807 2295 1040 2349 perierunt.
1100 2297 1157 2335 ita
1177 2297 1311 2336 victor
1329 2295 1447 2334 eiter-

111 2356 229 2404 citus,
257 2368 461 2396 renovata
482 2357 626 2409 priore
637 2354 781 2408 gloria,
806 2355 1104 2393 'Tarraconem
1126 2354 1184 2392 est
1205 2351 1443 2407 perductus·

110 2413 318 2454 venienti
337 2415 482 2453 Fulvio
507 2413 557 2451 T.
579 2411 854 2466 Sempronius
877 2424 1070 2465 praetor,
1105 2412 1174 2465 qui
1195 2410 1323 2450 biduo
1345 2419 1446 2450 ante

106 2482 305 2523 venerat,
336 2472 504 2513 obviam
520 2468 738 2525 processit:
767 2470 1075 2524 gratulatusque
1096 2469 1176 2522 est,
1207 2467 1319 2524 quod
1336 2481 1445 2565 reglu-

1308 2539 1367 2582 pu
1407 2538 1426 2563 1

129 206 235 215 ..ι-ο
