1548 2703
230 121 235 126 ,
284 90 317 128 L
338 89 358 127 1
377 87 411 126 B
432 88 468 128 E
490 89 530 128 R
563 90 668 129 XLI.
730 90 843 129 Cn,
865 91 1034 129 XXVII.
1059 84 1250 131 X'va.
1366 97 1451 141 507

388 161 439 197 U.
463 160 508 198 C.
531 162 628 208 578.
875 173 911 197 a.
935 161 980 199 C.
1004 161 1054 197 N.
1082 163 1174 210 174.

110 250 150 278 et
173 237 356 288 Fundis,
388 249 428 275 et
453 239 681 275 Pollentiae
712 238 838 276 etiam
869 252 1018 290 aquam
1056 238 1372 288 adducendam,
1407 253 1448 280 et

108 295 263 336 Pisauri
287 297 393 335 viam
419 294 525 333 [ilice
545 293 845 345 sternendam,
884 306 924 334 et
947 296 1179 335 Sinueffim
1217 311 1240 335 a
1264 298 1445 350 ga⁴avia-

110 354 213 393 riae.
284 354 335 391 In
367 352 431 390 his
462 362 502 390 et
533 351 716 390 cl‹]·'‘urnx
746 353 1164 392 circu1nducend½t
1186 353 1320 393 sorum
1352 370 1446 407 por-

109 412 259 451 ticibus
276 410 546 461 tabernisque
567 409 867 462 claudendum,
897 422 937 449 et
957 412 1084 451 Janos
1104 422 1188 450 tres
1212 411 1442 452 faciendos.

110 470 228 508 Haec
260 470 313 507 ab
341 481 430 506 uno
454 466 628 505 censore
650 482 779 520 opera
810 469 964 517 locata,
1007 483 1102 507 cum
1132 483 1285 522 magna
1314 471 1445 522 gratia

108 527 374 566 colonorum.
435 525 621 563 Moribus
639 539 802 577 quoque
824 525 1022 578 regendis
1045 526 1225 579 diligens
1239 538 1280 565 et
1299 527 1446 567 severa

111 582 296 625 censura
314 581 404 622 fuir.
434 582 574 628 multis
597 584 691 635 equi
715 582 883 622 ademti.

225 641 415 680 XXVIII.
471 639 598 678 Exitu
618 655 752 693 prope
769 641 876 678 anni
901 638 1015 678 diem
1036 654 1171 679 unum
1195 639 1442 694 supplicatio

109 697 189 739 fuit
204 694 258 737 ob
277 711 345 737 res
368 696 565 751 prospere
586 697 716 749 gestas
739 699 788 736 in
805 699 1007 751 Hispania
1027 697 1152 736 ductu
1177 698 1442 751 auspicioque

106 755 191 811 Ap.
212 754 376 797 Claudii
396 753 676 808 proconsul-is:
709 766 748 793 et
775 756 1004 807 majoribus
1037 755 1179 795 hostiis
1212 756 1359 808 viginti
1383 756 1439 794 sa-

106 815 352 854 crificatum.
397 822 439 850 et
458 813 635 850 alterum
658 811 768 851 diem
801 812 1046 866 supplicatio
1075 813 1128 852 ad
1158 815 1344 863 Cereris,
1375 814 1441 852 Li-

104 873 222 920 beri,
253 872 510 922 Liberaeque
532 867 633 918 fuit,
665 869 776 922 quod
799 884 851 908 ex
870 871 1036 910 Sabinis
1056 882 1194 909 terrae
1217 881 1352 910 motus
1372 872 1440 909 in-

79 943 208 984 ⁴«gens
221 943 316 966 cum
335 927 477 966 multis
490 925 775 966 aedificiorum
798 929 934 968 ruinis
956 930 1175 967 nuntiatus
1196 939 1294 967 erat.
1332 930 1438 967 Cum

100 986 185 1041 Ap.
197 984 394 1026 Claudius
412 997 464 1023 ex
488 984 691 1037 Hispania
709 987 889 1024 Romam
904 985 1089 1033 redisset,
1116 985 1302 1025 decrevit
1321 985 1439 1024 sena-

103 1054 194 1094 tus,
220 1055 265 1083 ut
283 1056 416 1082 ovans
437 1044 585 1080 urbem
607 1043 751 1082 iniret.
811 1044 901 1082 Jam
923 1042 1158 1082 consularia
1177 1044 1344 1082 comitia
1365 1057 1439 1097 ap-

103 1104 332 1157 petebant3
374 1101 549 1153 quibus,
587 1114 741 1153 magna
767 1101 1047 1140 contentione
1078 1101 1229 1140 habitis
1261 1112 1438 1155 propter

103 1158 422 1200 multitudinem
453 1158 714 1211 petentium,
760 1159 888 1197 creati
920 1160 962 1198 L.
998 1158 1223 1198 Postumius
1252 1157 1438 1198 Albinus

104 1229 146 1258 et
166 1219 222 1256 M.
242 1216 440 1268 Popillius
459 1217 633 1254 Laenas.
693 1218 905 1254 Praetores
929 1215 1033 1254 inde
1056 1215 1176 1264 sacti,
1209 1217 1260 1255 N.
1284 1217 1436 1255 Fabius

99 1276 259 1324 Buteo,
292 1275 347 1313 M.
373 1273 606 1320 Matienus,
651 1274 694 1312 C.
715 1274 948 1325 Cicerejus,
984 1275 1041 1312 M.
1064 1273 1210 1322 Furius
1229 1273 1435 1327 Crassipes

99 1334 254 1374 iterum
269 1361 282 1380 ,
313 1330 364 1369 A.
383 1329 535 1370 Atilius
558 1330 763 1370 Serranus
791 1332 943 1370 iterum
959 1359 970 1378 ‚
1015 1332 1059 1371 C.
1083 1332 1251 1371 Cluvius
1284 1332 1434 1372 Saxula

96 1392 264 1430 iterum.
327 1387 512 1427 Comitiis
541 1386 761 1441 perfectis,
803 1387 884 1442 Ap.
918 1388 1113 1428 Claudius
1145 1389 1337 1438 Centho,
1380 1403 1433 1428 ex

97 1446 319 1487 Celtiberis
339 1458 471 1486 ovans
493 1459 589 1484 cum
610 1447 658 1484 in
679 1448 825 1485 urbem
845 1446 987 1494 iniret,
1009 1446 1156 1486 decem
1177 1448 1309 1486 millia
1329 1460 1434 1501 pon-

99 1505 156 1545 do
179 1504 364 1557 argenti,
402 1503 591 1556 quinque
613 1504 743 1542 millia
766 1504 856 1543 auri
876 1505 924 1542 in
944 1505 1152 1543 aerarium
1176 1505 1281 1544 tulit.
1321 1529 1323 1531 -
1343 1506 1433 1543 Fla-

97 1577 202 1604 men
222 1562 360 1602 Dialis
381 1561 643 1614 inaugaratus
666 1561 723 1600 est
744 1564 827 1600 Cn„
837 1563 1069 1601 Cornelius.
1125 1561 1288 1601 Eodem
1313 1577 1432 1601 anno

34 1646 37 1652 =
97 1621 241 1661 tabula
268 1620 317 1658 in
347 1617 496 1656 aedem
527 1620 671 1658 Matris
701 1620 883 1658 Matutae
910 1634 1005 1658 cum
1035 1618 1178 1659 indice
1202 1620 1282 1659 hoc
1301 1620 1432 1675 posita

100 1678 183 1719 estt
244 1674 305 1716 Ti.
339 1675 564 1729 Sempronii
599 1673 767 1715 Gracchi
807 1676 966 1729 confidis
997 1679 1163 1729 imperio
1189 1678 1431 1731 auspicioque

99 1735 202 1792 legio
234 1736 506 1786 exercitusque
536 1732 678 1787 populi
717 1733 879 1774 Romam·
921 1733 1141 1774 Sardiniam
1160 1734 1330 1790 subegit.
1389 1738 1431 1773 in

99 1808 143 1834 ea
172 1794 380 1846 provincia
416 1788 576 1840 hostium
606 1790 703 1844 caesa
735 1805 802 1831 aut
832 1805 941 1844 capta
963 1792 1092 1845 supra
1121 1796 1317 1847 octoginta
1347 1792 1432 1831 mil-

97 1850 163 1891 lia.
227 1846 434 1901 Republica
456 1846 675 1902 felictsfime
707 1848 829 1904 gesta,
868 1862 981 1901 atque
1011 1849 1205 1889 libertatis
1233 1849 1455 1905 vectigali-v

98 1905 445 1957 bus-*restituam
506 1910 716 1946 exercitum
745 1907 898 1961 salvum
935 1920 1052 1960 atque
1094 1907 1314 1947 incolumem
1350 1906 1431 1959 ‘ple-

97 1964 286 2021 nisfimum
326 1961 473 2016 praeda
506 1962 658 2003 domum
693 1967 926 2016 reportavit.
995 1967 1138 2004 iterum
1184 1964 1430 2016 triumphans

98 2026 140 2064 in
181 2021 311 2061 urbem
346 2019 498 2059 Romam
528 2021 662 2060 rediit.
740 2021 862 2074 Cujus
903 2024 964 2060 rei
1003 2035 1097 2077 ergo
1135 2020 1234 2061 hanc
1267 2021 1431 2062 tabulam

100 2080 241 2121 donum
274 2076 368 2119 Jovi
398 2076 518 2118 dedit.
574 2079 794 2119 Sardiniae
823 2079 984 2119 insulae
1009 2078 1148 2119 forma
1170 2090 1279 2130 erat,
1306 2092 1430 2133 atque

92 2139 149 2178 vin
181 2152 229 2177 ea
262 2135 479 2176 fimuzacra
499 2151 732 2191 pugnarum
759 2139 882 2191 picta.
946 2138 1128 2177 Munera
1154 2137 1429 2191 gladiatorum

103 2209 152 2236 00
171 2209 289 2235 anno
308 2194 463 2247 aliquot
483 2208 610 2248 parva
621 2197 700 2235 alia
714 2195 832 2241 data·‚
860 2208 994 2234 unum
1008 2207 1106 2234 ante
1119 2195 1431 2249 eeterainfigne

101 2252 180 2292 suit
197 2254 248 2292 T.
268 2253 300 2291 F
304 2251 517 2302 latninini,
546 2251 658 2306 quod
680 2254 827 2293 mortis
849 2252 968 2291 causa
989 2254 1118 2307 patris
1138 2253 1222 2301 sui,
1253 2263 1349 2292 cum
1371 2253 1428 2292 vi-

102 2309 334 2364 sceratione
367 2311 574 2364 epuloque
604 2322 645 2350 et
671 2311 780 2351 ludis
818 2310 1015 2360 scenicis,
1061 2311 1329 2365 quatriduum
1360 2310 1429 2349 de-

95 2363 178 2406 ·di't.
228 2366 380 2419 'magni
403 2377 549 2407 tamen
570 2370 760 2408 muneris
791 2382 840 2408 ea
869 2368 1028 2407 summa
1048 2367 1156 2418 suit,
1181 2381 1227 2408 ut
1253 2383 1332 2423 per
1359 2368 1429 2406 tri·

101 2424 232 2465 duum
252 2435 427 2479 quatuor
444 2438 485 2466 et
505 2426 763 2482 septuaginta
783 2427 978 2467 homines
996 2427 1240 2483 pugnarint.

757 2484 782 2508 ἧ(-
838 2502 841 2505 .

599 2509 690 2537 ’*”
894 2513 924 2543 ⁵*
1248 2540 1430 2581 Emo-
