1548 2703
260 81 292 120 L
325 79 345 117 1
374 77 410 117 B
438 76 475 117 Ε
504 77 546 117 R
590 76 817 118 XXXVIII.
880 80 992 120 cn.
1014 79 1099 118 xx.
1122 77 1230 141 XXI.
1328 81 1414 132 359

403 151 454 204 U:
488 150 530 186 C.
565 151 658 192 3363.
776 163 810 185 a.
849 148 891 187 C.
915 150 968 187 N.
1006 153 1094 200 139,

81 242 180 279 tem,
203 228 514 277 animadvertit,
536 228 775 266 meridiana
788 229 960 281 regione
976 240 1168 268 terrenos
1181 240 1221 268 et
1246 229 1414 281 placide

80 289 259 327 acclivos
285 286 337 324 ad
357 285 571 339 quendam
595 285 724 324 finem
748 287 873 324 colles
888 284 983 335 esse,
1006 285 1059 324 ad
1074 286 1414 340 septentrionem

80 343 231 384 arduas
249 355 292 382 et
307 355 438 382 rectas
460 357 590 396 prope
607 354 758 397 rupes;
788 354 924 396 atque,
951 344 1147 382 omnibus
1165 343 1307 382 ferme·
1321 345 1413 383 aliis

78 403 221 451 inviis,
243 403 399 440 itinera
419 402 499 439 tria
518 399 621 438 esse:
648 414 781 439 unum
801 399 943 439 medio
955 412 1112 450 monte,
1135 415 1214 455 qua
1236 412 1416 441 terrena.

79 471 226 499 erant:
261 458 342 497 duo
364 456 550 497 difficilia
569 459 621 496 ab
642 458 824 497 hiberno
843 457 937 497 solis
955 469 1049 497 ortu
1063 489 1073 508 ,
1106 469 1146 497 et
1175 460 1226 497 ab
1257 458 1411 499 aestivo

78 505 236 557 occasu.
298 518 412 555 Haec
429 516 759 568 contemplatus,
801 530 850 555 eo
878 515 946 554 die
967 515 1040 555 sub
1069 515 1163 570 ipsis
1194 515 1420 562 radicibus·

77 575 215 629 posuit
233 573 376 613 castra.
436 572 600 627 postero
626 571 718 622 die,
749 572 950 611 sacrificio
969 573 1100 623 facto,
1131 588 1229 613 cum
1258 575 1410 626 primis

77 633 221 672 hostiis
250 630 422 679 litasset,
461 629 669 668 trifariam
703 632 935 669 exereitum
964 631 1141 671 divisum
1169 631 1325 674 ducere
1354 631 1418 672 ad,

75 690 236 730 hostem
258 689 402 743 pergit.
459 687 546 742 ipse
575 702 672 726 cum
700 689 885 727 maxima
904 700 1022 742 parte
1047 690 1292 743 copiarum,
1327 703 1412 744 qua.

77 746 368 802 aequissimum
389 744 546 784 aditum
570 747 798 798 praebebat
814 760 952 792 mons,
988 745 1186 786 ascendit.
1222 751 1264 786 L.
1286 750 1413 788 Man-

75 807 182 845 lium
206 804 379 843 fratrem
403 805 454 841 ab
473 803 655 843 hiberno
675 814 794 852 ortu,
823 802 960 857 quoad
981 805 1071 843 loca
1086 807 1332 858 ¹patiantur,
1366 815 1413 844 et

76 874 164 902 tuto
184 860 323 916 posfit,
363 860 500 900 subire
532 860 657 914 jubet.
701 860 731 900 fi
749 876 828 914 qua
850 861 1079 916 periculosa
1107 873 1148 902 et
1179 874 1409 917 praerupta.

75 930 314 967 occurrant,
349 932 443 957 non
463 932 652 971 pugnare
675 932 769 957 cum
787 919 1008 971 iniquitate
1027 918 1229 969 Iocorum,
1262 934 1410 974 neque

72 976 479 1030 inexsuperabilibus
498 976 585 1015 vim
606 974 788 1024 afferre3
819 975 889 1014 sed
921 977 1088 1029 obliquo
1111 988 1267 1028 monte,
1285 977 1339 1020 ad
1362 977 1416 1018 se.

73 1035 315 1083 declinare,
364 1044 405 1072 et
433 1032 504 1071 suo
535 1034 693 1085 agmini
723 1034 936 1086 conjungi.
1003 1036 1047 1073 C.
1080 1036 1277 1075 Helvium
1306 1049 1407 1075 cum

73 1093 197 1132 tertia
215 1102 334 1146 parte
352 1091 575 1129 circumire
595 1090 743 1131 sensim
764 1105 840 1145 per
859 1091 1008 1130 infima
1027 1093 1181 1132 montis
1196 1121 1206 1141 ,
1243 1092 1406 1133 deinde

75 1153 128 1190 ab
151 1149 303 1189 aestivo
323 1147 465 1187 occasu
489 1149 648 1201 erigere
670 1162 834 1202 agmen.
894 1160 934 1187 et
956 1148 1084 1188 Attali
1113 1151 1267 1189 auxilia
1286 1149 1404 1189 trifa-

72 1209 183 1248 riam
211 1221 344 1260 aequo
367 1219 545 1244 numero
569 1204 726 1245 divisit:
767 1206 907 1244 seeum
933 1205 1015 1245 esse
1044 1206 1180 1260 ipsum
1200 1208 1403 1261 juvenem

72 1265 195 1320 jussit.
254 1265 479 1316 equitatum
521 1276 615 1300 cum
655 1263 890 1317 elephantis
920 1263 969 1302 in
1007 1265 1200 1317 proxima
1231 1266 1408 1306 tumulis.

71 1322 249 1377 planitie
269 1321 448 1373 reliquit.
507 1319 704 1358 Edictum
725 1320 970 1374 praefectis,
1005 1333 1052 1359 ut
1078 1323 1259 1373 intenti,
1297 1322 1404 1377 quid

71 1382 227 1432 ubique
253 1388 443 1432 geratur,
484 1377 849 1428 animadvertant;
895 1392 1102 1432 opemque
1131 1379 1267 1430 ferre,
1317 1394 1403 1435 quo

68 1437 289 1493 postulent.
306 1449 373 1476 res
386 1463 397 1484 ,
428 1447 675 1489 properent.

183 1553 290 1592 XXI.
338 1550 487 1602 Galli,
530 1550 689 1591 duobus
718 1551 915 1593 lateribus
946 1552 1039 1594 satis
1069 1553 1248 1595 fidentes
1280 1555 1402 1596 invia

73 1609 156 1652 esse
171 1638 182 1658 ‚
212 1612 263 1649 ab
285 1624 332 1649 ea
352 1620 492 1663 parte,
525 1624 628 1663 quae
649 1611 696 1649 in
720 1611 941 1650 meridiem
963 1623 1173 1666 vergeret,
1202 1623 1248 1651 ut
1269 1614 1405 1652 armis

71 1668 318 1708 clauderent
342 1669 476 1716 viam,
527 1679 703 1720 quatuor
729 1668 864 1708 ferme
892 1672 1026 1709 millia.
1053 1681 1312 1709 armatorum
1343 1670 1402 1709 ad.

69 1727 298 1773 tumulum,
328 1725 627 1764 imminentem
658 1726 748 1765 viae
768 1728 909 1766 minus
932 1728 1048 1766 mille
1077 1727 1266 1781 passuum
1289 1742 1312 1767 a
1334 1742 1402 1767 ca-

69 1783 188 1831 stris,
219 1781 512 1835 oecupandum
533 1784 728 1829 mittunt3
761 1798 809 1823 eo
840 1783 881 1823 se
902 1787 981 1824 rati
1001 1786 1113 1825 velut
1130 1785 1295 1824 castello
1316 1786 1401 1825 iter

68 1839 357 1893 impedituros.
419 1839 541 1889 Quod
572 1841 643 1879 ubi
676 1842 861 1880 Romani
891 1842 1112 1892 viderunt,
1165 1842 1401 1897 expediunt

68 1897 154 1937 sese
182 1897 236 1936 ad
264 1910 462 1950 pugnam.
521 1909 619 1936 ante
651 1897 764 1949 ligna
804 1899 968 1938 modico
1000 1901 1226 1939 intervallo
1251 1902 1404 1943 velites

68 1966 195 2003 eunt,
229 1964 268 1993 et
288 1956 338 1992 ab
358 1952 497 1992 Attalo
518 1954 735 1995 Cretenses
756 1956 972 2009 sagittarii,
1004 1968 1044 1996 et
1066 1956 1317 2007 funditores,
1356 1968 1402 1998 et

35 2011 40 2023 ¹
65 2013 215 2061 Tralli,
253 2022 294 2050 et
313 2011 523 2052 Thracesz
554 2010 668 2065 ligna
692 2013 891 2066 peditum,
919 2026 962 2052 ut
985 2029 1061 2068 per
1079 2014 1272 2063 arduum,
1303 2016 1401 2056 leni

65 2070 199 2124 gradu
221 2068 445 2118 ducuntur,
476 2070 532 2107 ita
549 2083 650 2122 prae
671 2069 711 2109 se
733 2070 981 2110 habentium
1000 2072 1136 2121 scuta,
1167 2082 1212 2111 ut
1230 2071 1400 2114 missilia

66 2138 232 2166 tantum
253 2127 447 2175 vitarent,
469 2128 746 2179 pede-collato
769 2129 1132 2169 nonviderentur
1151 2132 1398 2183 pugnaturi.

64 2184 284 2224 Missilibus
302 2197 354 2221 ex
372 2183 596 2222 intervallo
612 2185 690 2223 loci
709 2187 916 2238 proelium
937 2186 1198 2226 commissum
1216 2186 1288 2236 est,
1313 2190 1399 2242 pri,-

66 2255 134 2279 ma
154 2256 252 2293 par,
285 2241 428 2279 Gallos
459 2241 550 2278 loco
581 2240 832 2292 adjuvante,
875 2245 1092 2283 Romanos
1123 2245 1327 2284 varietate
1354 2256 1399 2286 et

65 2298 184 2351 copia
205 2299 396 2337 telorum.
456 2298 715 2337 Procedente
735 2303 992 2350 certamine,
1021 2301 1133 2340 nihil
1158 2303 1242 2355 jam
1272 2304 1398 2356 aequi

34 2408 37 2409 ⁷
66 2365 168 2394 erat.
216 2353 336 2394 *scuta
353 2355 502 2408 longa,
533 2367 719 2395 ceterum
741 2357 794 2395 ad
818 2358 1144 2411 amplitudinem
1162 2373 1395 2414 corporum.

65 2425 215 2466 parum
243 2412 348 2460 lata,
402 2422 444 2451 et
473 2425 520 2450 ea
549 2412 634 2465 ipsa
663 2414 811 2466 plana,
861 2417 970 2455 male
1005 2419 1201 2469 tegebant
1231 2418 1395 2464 Gallos.

64 2470 157 2511 Nec
184 2469 266 2522 jam
293 2470 377 2514 tela
405 2469 486 2510 alia
515 2468 751 2520 habebant,
781 2483 950 2524 praeter
973 2473 1162 2528 gladiove
1194 2470 1393 2530 quorum,

747 2528 782 2570 Y
811 2540 839 2569 2
1291 2544 1391 2574 cum
