1491 2677
130 76 185 103 20
287 64 331 103 L
362 65 382 103 1
412 64 446 103 B
476 63 512 104 E
541 65 582 104 R
621 64 768 104 XXXI.
828 55 943 107 Car.
967 68 1118 112 xxm.
1138 69 1287 109 XXIV.

126 118 1187 132 ——-—-—-——----———-———————-——-———

123 214 182 252 ,111
214 213 391 252 statione
431 227 561 267 usque
604 214 657 253 ad
687 228 855 255 noctem
887 218 1034 257 tenuit.
1095 220 1238 258 Primis
1270 219 1457 273 tenebris

127 271 273 309 movit
335 281 375 309 et
395 273 622 325 tranquille
651 284 868 326 pervectus
891 274 1158 326 Chalcidem,
1198 276 1321 329 paulo
1354 287 1455 316 ante

124 328 286 376 lucem,
327 343 407 381 qua
428 325 811 383 infrequentissima
841 333 956 372 urbis
983 332 1100 383 sunt,
1140 334 1294 386 paucis
1312 334 1453 386 militi-

126 386 202 425 bus
223 387 372 424 tur-rim
395 387 630 439 proximam
650 403 900 442 murumque
920 391 1032 429 circa
1057 390 1175 430 scalis
1196 391 1321 443 cepit,
1351 382 1452 432 alibi

121 443 277 495 sopitis
286 443 535 493 custodibus,
562 446 662 489 alibi
683 447 801 485 nullo
823 445 1092 487 custodiente.
1124 446 1323 502 progressi
1347 447 1452 488 inde

123 502 177 539 ad
201 499 440 554 frequentia
461 502 659 542 aediliciis
689 503 803 553 loca,
835 504 1069 545 custodibus
1098 504 1354 554 interfectis,
1385 519 1451 560 rg-

120 558 335 611 fractaque
357 570 488 612 porta,
526 557 706 599 ceteram
727 562 1042 602 multitudinem
1064 574 1317 602 armatorum
1338 577 1450 602 acce-

118 627 295 670 perunt
335 617 465 656 Inde'
455 632 503 657 m
525 628 654 656 totam
674 621 818 658 urbem
834 619 1063 660 discursum
1078 619 1157 659 est:
1182 631 1302 659 aucto
1322 622 1450 660 etiam

117 676 324 724 tumultu,
383 675 495 728 quod
533 677 646 714 circa
685 675 823 716 forum
854 679 962 731 ignis
991 679 1108 717 tectis
1139 678 1317 732 injectus
1346 688 1448 717 erat

117 726 419 784 Conflaghrunt
444 744 485 773 et
514 733 669 773 horrea
694 736 829 787 regia,
877 746 917 774 et
947 735 1321 774 armamentarium
1350 749 1449 791 cuql

113 790 282 843 ingenti
301 802 507 844 apparatu
534 791 828 837 machinarum
853 804 1257 845 tormentorumque.
1300 792 1447 836 caedes

113 848 219 887 inde
251 847 396 900 paslim
428 847 680 902 fugientium
716 851 874 903 pariter
909 865 956 889 ac
986 850 1316 915 repugnantium
1354 849 1446 892 fieri

112 917 262 960 coepta
287 904 356 945 est
389 920 472 945 nec
486 907 679 960 ullojam,
701 908 772 960 qui
783 908 975 947 mihtaris
988 919 1129 947 aetatis
1141 907 1253 956 esset,
1270 921 1364 949 non
1369 899 1446 960 aut

109 964 241 1013 caeso,
263 974 334 1002 aut
354 962 506 1018 fugato,
529 965 701 1018 Sopatro
712 976 836 1004 etlam
851 964 1079 1004 Acarnane
1093 963 1303 1020 praefecto
1323 979 1442 1020 prae·

109 1020 202 1060 fidii
219 1020 462 1071 intersecto,
485 1021 639 1075 praeda
660 1023 797 1062 omnis
815 1038 954 1076 primo
966 1037 1013 1062 111
1033 1022 1172 1062 forum
1192 1023 1352 1072 collata,
1372 1022 1443 1072 deq

107 1079 245 1133 inde
235 1093 283 1118 m
305 1093 435 1119 naves
454 1079 656 1133 imposita.
697 1094 841 1118 carcer
861 1082 985 1119 etiam
1022 1083 1073 1119 ab
1106 1079 1286 1120 Rhodiis
1299 1077 1442 1120 refra-

107 1148 220 1176 ctus:
253 1136 473 1190 emisfique
490 1138 655 1192 captivi,
678 1151 778 1191 quos
802 1138 1014 1192 Philippus
1038 1149 1237 1191 tanquam
1258 1139 1307 1177 111
1327 1136 1439 1188 tutis-

105 1194 502 1235 fimamcustodiam
524 1193 787 1234 condiderat.
838 1196 986 1234 Statuis
1008 1195 1112 1234 inde
1138 1197 1245 1250 regis
1267 1195 1438 1249 dejectis

105 1250 418 1305 truncatisque,
447 1252 563 1306 ligno
583 1267 674 1305 re„
714 1254 770 1291 tui
792 1252 859 1291 dut
849 1268 899 1302 to,
932 1252 1275 1293 conscerclerunt
1292 1267 1402 1298 nave

105 1321 147 1349 et
167 1311 410 1359 Piraeeum,
443 1309 559 1349 unde
584 1267 762 1364 prochti
786 1321 930 1359 erant,
962 1303 1194 1350 redierunt.
1258 1309 1381 1363 Quod
1404 1267 1439 1361 R

105 1378 271 1406 tantum
291 1369 472 1409 militum
492 1369 785 1406 Romanorum
808 1367 967 1416 fuisset,
999 1379 1043 1406 ut
1063 1379 1103 1407 et
1135 1368 1298 1408 Chalcis
1320 1378 1436 1408 tene,

102 1426 167 1473 ri,
201 1437 243 1464 et
263 1435 356 1464 non
379 1424 512 1464 deseri
533 1425 783 1478 praesidium
803 1425 1071 1466 Athenarum
1104 1425 1321 1480 potuisset;
1350 1441 1435 1466 ma-

79 1497 204 1538 'gna
205 1497 274 1522 res
294 1484 508 1537 principio
529 1482 665 1522 statim
690 1484 800 1549 belli,
825 1485 987 1522 Chalcis
1010 1495 1047 1523 et
1068 1484 1249 1537 Euripus
1268 1484 1434 1545 ademta

101 1541 194 1594 regi
234 1539 390 1580 forent
452 1555 552 1579 nam
585 1552 630 1579 ut
667 1541 778 1579 terra
809 1541 1194 1594 T·herm0pylatum
1224 1532 1434 1597 angustiae

104 1599 356 1649 Graeciam,
388 1599 447 1638 ita
467 1599 575 1637 mari
595 1597 635 1636 ft
639 1609 751 1637 etum
770 1598 919 1653 Euripi
940 1599 1109 1638 claudit.

218 1715 366 1754 XXIV.
426 1712 702 1753 Demetriade
725 1722 811 1752 tum
837 1712 1050 1766 Philippus
1080 1723 1180 1752 erat.
1226 1727 1307 1766 quo
1333 1726 1431 1759 cum

102 1769 206 1810 esset
229 1773 423 1812 nuntiata
442 1770 578 1810 clades
599 1770 729 1809 sociae
749 1771 874 1818 urbis,
901 1784 1139 1823 quanquam
1160 1770 1295 1810 serum
1319 1771 1432 1828 auxif-

103 1830 207 1868 lium
230 1829 405 1883 perditis
429 1839 540 1878 erat,
571 1839 728 1876 tamen,
759 1841 861 1879 quae
885 1829 1076 1882 proxima
1098 1829 1250 1869 auxilio
1271 1827 1342 1878 est,
1373 1821 1433 1871 us-

105 1888 266 1926 tionem
299 1897 471 1941 petens,
496 1935 498 1938 r
521 1901 613 1932 cum
647 1884 852 1938 expeditis
887 1886 1073 1939 quinque
1103 1886 1286 1926 millibus
1317 1880 1431 1940 pedi,-

103 1956 216 1994 tum‚
265 1956 306 1984 et
337 1944 536 1983 trecentis
564 1944 769 1996 equitibus
799 1944 1010 1997 extemplo
1040 1942 1272 1996 profectus,
1310 1941 1431 1989 cursu

105 2017 238 2057 prope
269 2001 533 2042 Chalcidem
544 2012 695 2039 conte·
689 1999 786 2048 ’(111,
823 2001 1096 2053 haudqiiaqu
1091 2016 1147 2039 m
1178 1999 1326 2040 dubius
1358 2015 1431 2054 op·

104 2061 232 2115 primi
248 2062 470 2099 Romanos
490 2058 616 2112 posse
659 2059 681 2096 a
709 2072 789 2110 qua
819 2057 1031 2096 destitutus
1064 2059 1158 2112 spe,
1201 2072 1284 2098 nec
1312 2057 1430 2112 quid

104 2133 229 2171 quam
252 2117 384 2166 aliud,
416 2131 537 2170 quam
560 2116 613 2154 ad
635 2113 823 2154 deforme
844 2114 1120 2167 spectaculum
1142 2115 1360 2154 semirutae
1381 2129 1429 2158 ac

104 2174 306 2214 fumantis
331 2175 464 2214 sociae
484 2175 598 2213 urbis
623 2182 715 2211 cum
738 2187 835 2211 ven·
823 2172 935 2220 sset,
972 2173 1113 2226 paucis
1146 2174 1236 2223 vix,
1269 2173 1339 2226 qui
1366 2171 1426 2212 se-

102 2233 289 2288 pelirent
311 2234 418 2271 bello
439 2231 664 2279 absumtos,
695 2231 871 2279 relictis,
900 2244 1029 2283 aeque
1052 2231 1206 2283 raptim
1234 2244 1282 2268 ac
1302 2243 1427 2269 vene-

99 2301 178 2340 rat,
200 2289 474 2343 nansgressus
497 2299 626 2343 ponte
645 2288 865 2341 Euripum,
898 2301 975 2341 per
994 2287 1208 2327 Boeotiam
1234 2286 1426 2327 Athenas

76 2374 81 2398 3
101 2348 228 2397 ducit,
251 2349 343 2402 pari
363 2348 532 2400 incepto
551 2345 664 2384 haud
688 2344 894 2398 disparem
909 2355 1103 2385 eventum
1125 2355 1234 2383 ratus
1253 2343 1425 2397 respon-

74 2401 256 2445 Turum.
297 2415 336 2443 et
356 2402 655 2458 respondislet,
696 2403 744 2441 ni
770 2401 1020 2456 speculator,
1059 2401 1424 2452 (hemerodromos

99 2473 252 2505 vocant
264 2463 461 2511 Graeci,
451 2475 605 2522 ingens
625 2460 694 2500 die
715 2473 801 2500 uno
820 2459 949 2521 cursu
962 2461 1206 2500 emetientes
1224 2458 1422 2515 spatium)

1316 2525 1424 2556 con·-
