1548 2703
326 77 330 80 ·
390 67 786 120 LtBERsxxxn.
873 75 982 116 ou.
1022 75 1157 129 xvii.
1252 58 1255 60 ’
1396 78 1450 120 σι

381 152 384 158 ’
452 144 504 182 U.
528 146 626 185 C„
650 154 690 181 ·'·.
807 159 840 184 a.
864 146 908 184 C.
932 146 985 181 N.
1018 145 1108 193 198.

119 192 467 208 -ῌ-
1178 196 1448 209 --.

125 219 311 270 deserta,
340 221 389 260 in
409 222 778 275 arcemqeonfugit„
831 219 939 259 Inde
959 220 1013 268 ad
1033 219 1159 259 fidem
1181 222 1231 259 ab
1251 221 1452 260 Romano

112 277 354 331 *petendam
378 291 560 319 oratores
572 283 766 322 inituim.
808 276 1041 332 oppidanis:
1064 279 1274 332 extemplo
1296 278 1380 318 vita
1400 292 1450 319 ac

120 335 291 375 libertas
317 337 508 377 concessa
539 337 617 377 est:
667 336 967 376 Macedonibus
995 336 1157 374 treceni
1188 336 1356 375 nummi
1395 335 1449 377 in.

119 394 258 448 ‘capita
276 393 468 435 statutum
486 395 544 434 est
562 395 769 449 pretium,
801 405 842 433 et
861 404 907 433 ut
923 392 1051 432 armis
1073 392 1237 432 traditis
1261 393 1446 434 abirent.

124 453 214 491 Hac
231 452 391 495 summa
412 452 605 502 redemti,
634 453 683 495 in
693 452 908 496 Boeotiam
928 451 1113 498 inermes
1129 452 1299 506 trajecti.
1361 452 1446 491 Na-

120 510 238 549 vales'
251 510 415 564 copiae,
464 511 620 550 duabus
657 511 777 549 ciaris
806 510 977 548 urbibus
996 509 1188 547 Euboeae
1215 509 1333 547 intra
1353 508 1445 548 dies

112 581 270 622 paucos
294 568 444 621 captis,
460 598 469 606 f
484 569 784 608 circumvectae
806 567 982 607 Sunium
1002 565 1167 605 Atticae
1188 577 1325 605 terrae
1347 581 1443 620 pro-

118 625 400 674 montorium,
441 626 679 666 Cenchreas
703 625 1024 665 Corinthiorum
1046 624 1284 677 emporium
1314 625 1442 678 petie-

117 693 233 722 runt.
258 682 265 686 1
291 682 443 722 Consul
473 683 649 722 interim
679 683 871 722 omnium
907 681 976 736 spe
997 682 1233 736 longiorem
1265 679 1441 721 ati-ocio.

118 754 291 793 remque
319 742 678 795 oppugnationem
709 740 878 780 habuit:
923 750 963 777 et
984 754 1054 789 ea,
1102 754 1181 792 qua
1209 739 1441 778 minimum

115 797 366 847 credidisset,
392 798 633 842 resistebant
654 797 800 838 hostes.
857 812 962 837 nam
984 811 1158 836 omnem
1180 797 1369 836 laborem
1388 796 1439 836 in

72 863 74 865 ’
105 870 242 897 -muros
257 855 468 895 diruendo
492 856 729 896 crediderat
749 855 862 894 fore:
900 854 929 894 fi
951 853 1110 894 aditum
1123 855 1291 894 armatis
1311 855 1360 894 in
1371 869 1438 895 ur·

103 914 210 953 bem
230 913 503 967 patefecisset,
541 914 681 969 fugam
709 913 813 953 inde
840 912 1092 967 caedemque
1121 913 1300 952 hostium
1328 912 1436 962 fore,

92 971 243 1025 ,(1118113
283 972 412 1025 captis
447 973 619 1012 urbibus
659 973 750 1011 fieri
787 972 901 1012 solet.
973 982 1158 1010 ceterum
1204 970 1435 1025 postquam,

111 1040 230 1084 parte
250 1030 364 1068 muri
388 1031 582 1070 arietibus
603 1030 792 1081 decussa,
825 1044 902 1084 per
921 1029 1027 1083 ipsas
1050 1030 1194 1068 ruinas
1217 1039 1256 1066 tt
1260 1028 1433 1067 anscen-

101 1087 298 1126 *derunt
287 1102 336 1126 1n
356 1090 505 1126 urbem
527 1089 700 1138 armati,
732 1087 837 1127 iilud
856 1087 1118 1141 principium
1140 1087 1250 1137 velut
1263 1086 1365 1126 novi
1377 1097 1434 1125 at-

112 1159 189 1199 que
206 1145 363 1198 integri
382 1145 536 1185 laboris
566 1146 656 1186 suit.
716 1160 819 1184 nam
838 1144 1116 1195 Macedones,
1157 1145 1225 1197 qui
1245 1134 1302 1183 in
1314 1158 1432 1198 prae-

104 1202 212 1241 sidio
256 1213 381 1241 erant
398 1215 436 1241 et
463 1205 582 1243 multi
605 1215 645 1242 et
662 1204 834 1269 delecti,
872 1203 1051 1255 gloriam
1074 1203 1197 1241 etiam
1226 1202 1434 1256 egregiam

108 1260 211 1310 rati,
238 1259 267 1298 fi
286 1259 412 1298 armis
432 1261 565 1314 potius
588 1272 628 1300 et
645 1262 820 1311 virtute,
863 1275 987 1313 quam
1007 1260 1248 1308 moenibus,
1279 1274 1329 1298 m
1335 1262 1432 1298 bem

107 1328 349 1366 tuerentur,
387 1318 592 1368 conserti,
633 1320 822 1373 pluribus
852 1317 1058 1357 introrsus
1090 1316 1310 1356 ordinibus
1343 1317 1431 1356 acie

104 1376 290 1424 firmata,
340 1389 435 1415 cum
454 1376 755 1416 transcendere
786 1376 930 1419 ruinas
962 1375 1177 1415 sensissent
1198 1376 1428 1425 Romanos,

104 1448 180 1487 per
203 1432 454 1487 impeditum
477 1449 524 1473 ac
548 1433 763 1474 difficilem
784 1433 838 1472 ad
862 1444 1077 1487 receptum
1103 1433 1242 1473 locum
1263 1433 1427 1486 expule-

103 1501 218 1530 runt.
278 1491 328 1529 Id
350 1491 491 1531 consul
516 1506 637 1545 aegre
660 1493 820 1546 passus,
858 1505 940 1531 nec
959 1506 1051 1530 eam
1072 1491 1351 1544 ignominiam
1372 1488 1427 1528 ad

94 1549 225 1588 ,unius
234 1548 362 1587 modo
381 1549 688 1604 expugnandae
707 1564 874 1588 moram
891 1550 1020 1598 urbis,
1050 1547 1123 1587 sed
1143 1548 1197 1587 ad
1218 1548 1426 1588 summam.

102 1605 284 1651 universi
304 1607 424 1656 belli,
463 1608 680 1662 pertinere
701 1619 836 1656 ratus,
878 1607 990 1661 quod
1012 1621 1064 1645 ex
1083 1607 1311 1645 momentis
1331 1619 1425 1660 par-

98 1678 248 1718 varum
269 1665 516 1718 plerumque
545 1679 691 1705 rerum
722 1665 954 1720 penderet,
993 1676 1168 1718 purgato
1197 1665 1311 1713 loco,
1354 1663 1426 1717 qui

102 1721 233 1774 strage
253 1721 439 1767 semiruti
459 1723 573 1762 muri
589 1723 817 1763 cumulatus
837 1734 946 1771 erat,
985 1733 1148 1761 turrem
1169 1722 1351 1775 ingentis
1370 1721 1424 1760 al-

102 1778 316 1829 titudinis,
364 1795 563 1833 magnam
592 1781 680 1821 vim
710 1793 970 1827 armatorum
998 1780 1221 1834 multipfici
1242 1780 1424 1818 tabulato

97 1847 368 1891 portantem,
404 1839 636 1892 promovit:
678 1849 719 1877 et
744 1839 934 1878 cohortes
962 1837 1150 1878 invicem
1178 1837 1251 1876 sub
1283 1835 1424 1890 signis,

102 1908 207 1947 quae
234 1909 414 1935 cuneum
442 1896 750 1946 Macedonum,
792 1897 1063 1951 (phalangem
1091 1895 1165 1949 ipfi
1193 1896 1364 1945 vocant)
1392 1892 1424 1932 Ii

99 1952 287 2006 possent,
326 1953 367 1994 vi
386 1961 736 2008 perrumperent,
774 1955 999 1994 emittebat.
1061 1953 1145 1993 Sed
1165 1953 1218 1992 ad
1235 1954 1328 1991 loca
1349 1965 1422 1991 an-

97 2009 231 2062 gusta,
269 2009 384 2050 haud
403 2011 484 2051 iate
505 2023 675 2066 patente
705 2012 929 2053 intervallo
958 2010 1089 2052 diruti
1118 2011 1253 2059 muri,
1292 2022 1423 2064 genus

98 2081 314 2106 armorum
333 2082 576 2133 pugnaeque
596 2069 702 2108 hosti
723 2071 856 2124 aptius
890 2081 991 2110 erat.
1052 2069 1123 2108 ubi
1143 2067 1327 2107 conferti
1350 2067 1422 2106 ha-

95 2124 204 2164 stas
192 2127 376 2190 ingentis
397 2126 687 2181 longitudinis
693 2142 796 2181 prae
823 2128 863 2166 se
882 2127 1136 2168 Macedones
1163 2124 1423 2181 objecissent,

94 2183 235 2222 velut
224 2197 272 2222 1n
283 2183 564 2224 constructam
584 2183 783 2224 denlitate
800 2186 1046 2240 clypeorum
1066 2184 1320 2223 testudinem
1340 2184 1423 2221 Ro-

95 2241 235 2290 mani,
274 2241 369 2294 pilis
406 2241 690 2296 nequidquam
712 2242 886 2308 emissis,
924 2258 1019 2282 cum
1048 2241 1313 2281 strinxissent
1322 2241 1422 2295 gla-

95 2296 207 2346 dios,
247 2312 385 2352 neque
405 2300 608 2353 congredi
628 2301 819 2354 propius,
856 2315 994 2353 neque
1016 2291 1262 2354 praecidere
1286 2298 1424 2337 hastas

98 2356 314 2408 poterant.
340 2367 394 2406 et,
422 2357 452 2396 Ii
475 2369 577 2411 quas
591 2357 865 2408 incidissent,
885 2369 953 2397 aut
971 2357 1314 2412 praefregissent,
1350 2355 1422 2395 ha-

94 2411 199 2451 stilia
213 2386 458 2467 &agmento
475 2415 564 2468 ipso
584 2426 717 2454 acuto
713 2440 745 2465 ,-
766 2417 879 2454 inter
897 2416 1074 2470 spicula
1064 2426 1329 2469 integrarum
1350 2412 1423 2451 ha,

92 2469 283 2521 starum,
284 2445 418 2530 ”velut
438 2473 605 2531 talium.
633 2475 873 2534 explebant
932 2472 1003 2520 Ad.
1027 2473 1109 2518 hoe
1127 2484 1169 2515 et
1178 2472 1424 2570 muriiaffrs

1277 2543 1304 2571 a
1366 2540 1421 2571 ue
