1491 2677
57 56 113 83 22
254 41 287 81 L
312 40 334 81 1
360 40 398 80 -Β
425 40 463 80 Ε
493 40 535 80 R
573 24 894 107 xxxi-„cm
919 43 1068 82 xxiv.
1092 41 1233 84 xxv:

334 112 387 149 U.
413 112 455 148 C.
482 115 576 158 552.
813 127 848 151 a.
876 113 920 150 C.
946 112 999 150 N.
1028 125 1121 152 200.

61 165 324 176 ...--.-.-
1134 168 1399 181 ——--...

60 190 369 243 circumjectus)
403 189 549 243 posuit.
611 190 683 229 [ed
711 193 997 245 Cynosarges,
1041 204 1080 231 et
1111 194 1318 244 Lyceum,
1340 203 1404 233 >et

61 246 267 301 quidquid
289 245 421 286 sancti
445 248 669 287 amoenive
683 248 792 287 circa
804 251 949 287 urbem
967 260 1068 299 erat,
1093 248 1315 289 incensum
1331 248 1402 298 est,

63 304 285 357 dirutaque
297 318 392 343 non
403 316 509 343 tecta
532 304 677 354 solum,
702 305 773 344 sed
789 306 1138 360 etiamsssepulcra:
1166 321 1247 346 nec
1264 306 1404 353 divini
1424 313 1429 324 ”

61 361 294 402 'humanive
316 362 416 416 juris
437 362 665 417 quidquam
689 377 791 416 prae
803 364 1099 418 impotentiira
1113 363 1404 404 estservatum.

180 477 306 517 XXV.
370 475 535 527 Postero
566 475 658 527 die,
719 492 815 530 cum
854 480 994 531 primo
1030 476 1406 522 clausae‚fuissent

67 544 227 588 portae,
256 533 414 572 deinde
441 533 571 576 subito
593 547 776 590 apertae,
811 538 907 589 quia
931 536 1180 590 praesidium
1202 534 1328 574 Attali
1353 535 1407 573 ab

69 590 231 644 Aegina
247 621 258 640 ,
296 592 565 644 Romanique
589 593 640 631 ab
663 594 830 632 Piraeeo
852 594 1120 633 intraverant
1141 595 1311 642 urbem,
1342 606 1406 630 ca-

70 648 151 687 stra
183 651 235 686 ab
265 650 370 687 urbe
396 650 536 688 retulit
559 665 635 688 rex
655 651 733 689 tria
756 649 890 689 ferme
910 652 1040 690 millia
1065 650 1264 704 passuum.
1301 648 1407 688 inde

71 705 312 746 Eleusinem
344 705 579 759 profectus,
615 707 684 761 spe
714 708 941 762 improviso
973 709 1119 762 templi
1150 707 1405 759 castellique,

72 763 184 817 quod
212 774 252 803 et
284 764 481 803 imminet
505 775 544 803 et
568 765 869 804 circumdatum
896 766 955 804 est
972 767 1153 819 templo,
1193 763 1406 819 capiendi,

74 836 166 860 cum
199 821 523 875 haudquaquam
554 823 764 875 neglectas
802 822 1005 862 custodias
1033 820 1407 870 animadvertisset,
1438 846 1440 848 v

76 890 115 918 et
147 878 313 916 classem
350 894 373 918 a
405 880 572 918 Piraeeo
604 879 780 919 subsidio
813 881 985 929 venire,
1045 877 1191 920 omisso
1221 880 1408 932 incepto,

75 938 311 989 Megaram,
349 951 396 975 ac
419 939 608 990 protinus
632 938 882 977 Corinthum
907 938 1031 978 ducit.
1093 948 1132 976 et
1161 952 1255 976 cum
1284 936 1408 989 Argis

75 993 343 1033 Achaeorum
391 995 618 1033 concilium
672 994 755 1033 esse
816 994 1016 1043 audisset,
1083 994 1408 1048 inopinantibus

75 1051 270 1107 Achaeis,
289 1053 488 1090 concioni
510 1052 583 1106 ipsi
603 1051 858 1106 supervenit.
903 1052 1205 1091 Consultabant
1226 1051 1277 1090 de
1296 1051 1407 1090 bello

78 1108 272 1149 adversus
282 1110 426 1148 Nah‘m
439 1120 671 1160 tyrannum
684 1110 1138 1149 Lacedaemoniorum:
1168 1110 1252 1162 qui,
1273 1113 1409 1147 tran's-

79 1168 162 1206 lato
183 1167 362 1220 imperio
383 1181 406 1204 a
429 1167 756 1220 Philopoemene
780 1168 831 1206 ad
855 1168 1110 1220 Cycliadem,
1142 1179 1409 1220 nequaquam
1432 1165 1433 1168 ’

81 1239 225 1278 parem
248 1225 310 1263 illi
331 1224 505 1274 ducein,
538 1224 694 1278 dilapsa
726 1239 910 1265 cernens
941 1225 1209 1264 Achaeorum
1240 1223 1408 1272 auxilia,

81 1281 444 1335 redintegraverat
471 1283 653 1331 bellum,
685 1297 882 1337 agrosque
914 1283 1187 1322 finitimorum
1215 1280 1410 1329 vastabat,

83 1350 124 1379 et
151 1340 232 1389 iam
264 1340 435 1378 urbibus
468 1354 630 1393 quoque
663 1351 751 1379 erat
777 1341 991 1379 terribilis.
1053 1338 1263 1379 Adversus
1293 1339 1412 1377 hunc

81 1396 264 1446 hostem,
321 1412 440 1445 cum,
503 1408 704 1450 quantum
747 1412 800 1437 ex
831 1412 993 1451 quaque
1031 1398 1196 1437 civitate
1231 1396 1412 1435 militum

84 1455 359 1503 scriberetur,
394 1453 701 1504 consultarent3
734 1455 974 1508 Philippus,
1009 1455 1250 1494 demturum
1281 1453 1321 1493 se
1352 1453 1419 1492 eis

86 1527 243 1561 curam,
277 1512 386 1565 quod
411 1511 461 1550 ad
483 1513 625 1551 Nabin
650 1523 688 1551 et
708 1512 1062 1552 Lacedaemonios
1084 1514 1294 1561 attineret,
1325 1511 1413 1565 pol-

85 1570 244 1618 licitus3
280 1584 361 1609 nec
386 1581 547 1608 tantum
579 1584 696 1622 agros
719 1569 924 1609 sociorum
954 1570 1296 1623 populationibus
1317 1582 1412 1622 pro-

88 1628 319 1667 hibiturum
334 1658 344 1676 ,
385 1627 453 1665 sed
474 1638 679 1665 terrorem
702 1642 875 1665 omnem
898 1629 998 1667 belli
1021 1629 1069 1667 in
1088 1627 1215 1681 ipsam
1239 1626 1414 1666 Laconi-

89 1700 204 1735 cam,
235 1685 429 1724 ductoeo
450 1686 659 1738 extemplo
683 1686 891 1733 exercitu,
926 1687 1259 1732 transJaturum„
1299 1685 1414 1724 Haec

91 1744 223 1782 oratio
254 1757 349 1781 cum
379 1743 544 1796 ingenti
575 1741 990 1781 hominumassensu
1021 1743 1301 1796 acciperetur:
1353 1739 1417 1780 Ita

89 1813 212 1841 tamen
237 1813 398 1852 aequum
425 1798 494 1849 est,
539 1800 698 1853 inquit,
746 1813 801 1838 me
839 1798 960 1848 vestra
995 1803 1085 1840 meis
1123 1801 1240 1839 armis
1274 1799 1416 1847 tutari,

92 1873 138 1898 ne
169 1871 249 1896 mea
281 1859 440 1897 interim
470 1857 669 1896 nudentur
698 1854 912 1907 praesidiis.
973 1855 1132 1910 Itaque,
1160 1854 1195 1904 si
1224 1855 1331 1895 vobis
1358 1855 1418 1894 vi·

89 1916 229 1964 detur,
276 1926 424 1954 tantum
457 1926 591 1966 parate
629 1913 813 1962 militum,
862 1927 1043 1967 quantum
1072 1914 1117 1954 ad
1160 1914 1331 1963 Oreum,
1379 1923 1419 1952 et

98 1970 334 2021 Chalcidem,
385 1984 423 2010 et
457 1969 687 2011 Corinthum
725 1970 865 2021 tuenda
888 1971 982 2024 fiatis
1016 1970 1093 2018 fit:
1145 1984 1213 2021 ut,
1252 1973 1342 2010 meis
1372 1968 1419 2010 ab

93 2043 206 2084 tergo
239 2032 361 2077 tutis,
419 2031 575 2082 fixurus
614 2027 751 2067 bellum
789 2028 933 2084 NQdi
963 2029 1130 2081 inferam
1165 2040 1202 2067 et
1234 2026 1419 2068 Lacedae-

94 2090 239 2128 moniis.
308 2088 410 2126 Non
442 2086 593 2126 fefellit
619 2084 832 2135 Achaeos,
880 2101 961 2139 quo
993 2085 1208 2140 spectasset
1236 2097 1321 2125 tam
1353 2087 1420 2124 be-

96 2146 229 2198 nigna
258 2145 521 2198 pollicitatio,
555 2145 837 2197 auxiliumque
866 2145 1047 2183 oblatum
1079 2142 1273 2182 adversus
1298 2145 1422 2182 Lace·

97 2202 365 2242 daemonios:
396 2201 440 2240 id
469 2203 634 2255 quaeri,
665 2211 709 2240 ut
730 2200 913 2241 obsidem
932 2200 1197 2240 Achaeorum
1227 2200 1422 2254 juventu·

62 2285 69 2313 t
97 2272 181 2299 tem
211 2259 408 2298 educeret
438 2273 489 2298 ex
518 2258 826 2312 PeloponnesO,
867 2258 920 2297 ad
948 2258 1195 2312 illigandam
1224 2258 1422 2297 Romano

62 2314 73 2359 l
98 2319 211 2357 bello
231 2327 413 2370 gentem.
454 2328 495 2356 et
513 2315 557 2355 id
587 2315 757 2368 quidem
778 2330 1001 2375 coQ‘guere
1020 2315 1234 2368 Cycliades
1254 2325 1424 2368 praetor

64 2400 70 2407 -
97 2373 367 2414 Achaeorum
396 2374 504 2412 nihil
536 2375 716 2412 attinere
747 2384 879 2424 ratus,
918 2372 961 2412 id
985 2374 1112 2413 modo
1131 2387 1227 2412 cum
1246 2371 1425 2422 dixisset,

98 2446 193 2472 non
224 2433 355 2472 licere
385 2433 546 2487 legibus
579 2431 847 2472 Achaeorum
885 2430 940 2473 de
970 2431 1062 2474 aliis
1091 2432 1218 2472 rebus
1246 2428 1426 2480 referre,

1300 2499 1427 2543 quam
