1548 2703
173 45 180 60 Δ
239 32 272 72 L
298 32 318 71 1
339 31 373 70 Β
395 29 699 70 ΕΚΧΜΠ..
739 18 1196 88 cnjxvnfflxff
1237 88 1239 90 Ι
1285 22 1372 66 583

317 103 367 140 U.
391 103 435 139 G.
462 103 556 145 583.
755 97 887 161 ἐς.
913 96 968 133 Ν.
1000 95 1091 146 169.

36 186 162 231 dein,
196 175 290 220 fiid
315 181 456 218 minus
488 178 788 232 impetrarent,
818 177 928 215 vitae
958 184 1121 212 tantum
1151 172 1371 211 libertatis-

37 255 116 295 que
145 238 270 278 fidem
303 237 559 290 acciperent.
621 233 867 274 Promissum
894 232 938 272 id
970 231 1195 284 benignius
1228 228 1286 268 est
1314 230 1368 268 ab

35 291 158 351 rege,
191 310 314 349 quam
337 293 592 348 praestitunji.
653 293 769 331 exire
797 292 911 329 enim
936 289 1005 328 sua
1026 289 1162 327 secum
1182 286 1368 326 efferen-

36 357 144 395 tibus
167 350 278 407 jussis
300 353 483 406 primum
502 365 619 388 arma
638 349 818 399 ademit,
866 348 932 386 his
968 348 1072 385 urbe
1104 344 1292 398 egressis,
1325 354 1367 383 et

36 412 278 464 Illyriorum
297 406 469 458 cohors,
508 408 753 463 (quingenti
781 405 924 455 erant)
955 415 996 445 et
1029 402 1292 444 Uscanenses
1321 400 1366 443 se

34 472 266 524 urbemque
290 465 560 506 dediderunt.

149 583 254 623 XIX.
313 582 495 631 Perseus,
515 580 722 635 praesidio
742 579 933 620 Uscanae
951 577 1155 632 imposito,
1177 577 1362 626 multitu-

35 642 180 682 dinem
194 653 368 679 omnem
384 639 634 687 deditorum,
658 653 763 692 quae
777 652 910 692 prope
928 651 1110 676 numero
1131 635 1362 676 exercitum

33 701 248 752 aequabat,
267 698 485 736 Stuberaxn
505 696 685 735 abducit.
727 697 789 735 Ibi
802 695 1022 744 Romanis,
1051 694 1249 747 (quatuor
1269 693 1361 731 mil-

33 759 89 797 lia
101 767 239 795 autem
251 756 472 794 hominum
487 753 630 804 erant)
642 764 809 808 praeter
819 754 1046 807 principes,
1069 752 1116 791 in
1129 750 1359 789 custodiam

33 816 246 854 civitatum
269 813 426 861 divisis,
467 811 774 851 Uscanensibus
803 811 1040 863 Illyriisque
1066 807 1274 858 venditis,
1309 808 1359 847 in

33 870 258 912 Penestiam
287 871 518 909 exercitum
546 868 709 908 reducit
740 867 792 907 ad
826 869 1045 907 anneum
1075 866 1278 920 oppidum
1309 865 1360 905 in.

32 928 274 984 potestatem
297 926 589 980 redigendum.
652 937 692 966 et
714 927 866 978 alioqui
884 936 1122 979 opportune
1143 924 1285 972 situm,
1316 932 1360 962 et

32 986 230 1025 transitus
253 999 303 1024 ea
322 985 381 1024 est
398 986 446 1023 in
468 986 677 1035 Labeates,
698 985 772 1023 ubi
785 984 966 1023 Gentius
985 984 1199 1036 regnabat.
1239 983 1359 1020 Prae-

31 1043 212 1083 tereunti
236 1042 435 1096 frequens
456 1042 664 1081 castellum
679 1071 691 1091 ,
717 1041 993 1080 Draudacum
1013 1042 1217 1088 nomine,
1246 1039 1356 1093 peri-

31 1112 169 1140 torum
190 1100 359 1151 quidam
381 1101 563 1152 regionis
585 1100 670 1148 ejus
684 1129 695 1148 ,
723 1098 819 1138 nihil
846 1098 994 1137 anneo
1016 1110 1132 1151 capto
1159 1105 1250 1148 opus
1271 1095 1357 1147 effe,

8 1157 11 1160 ”
31 1160 111 1208 ait,
144 1156 216 1205 m'fi
241 1160 280 1197 in
299 1156 481 1208 potestate
511 1170 549 1196 et
571 1156 820 1196 Draudacum
844 1154 910 1202 fit.
951 1157 1223 1208 opportunius
1244 1155 1358 1193 etiam

30 1215 80 1256 ad
100 1217 221 1254 omnia
240 1213 405 1266 positum
424 1215 503 1265 effe.
547 1213 733 1253 Admoto
755 1214 954 1261 exercitu,
976 1225 1124 1251 omnes
1144 1212 1356 1265 extemplo

32 1272 291 1313 dediderunt
315 1271 410 1311 sese.
480 1273 570 1322 Qua
597 1271 667 1325 spe
694 1272 901 1310 celeriore
929 1269 1355 1317 deditione‘erectus,

29 1331 242 1387 postquam
264 1328 575 1378 animadvertit,
602 1340 780 1382 quantus
801 1329 977 1381 agminis
1001 1328 1060 1378 sui
1081 1339 1219 1367 terror
1241 1325 1355 1375 esset,

29 1388 228 1428 undecim
252 1387 332 1425 alia
352 1386 515 1425 castella
539 1386 688 1425 eodem
710 1396 823 1424 metu
844 1388 892 1424 in
922 1385 1167 1439 potestatem
1188 1384 1352 1438 redigit.

29 1445 81 1485 ad
104 1458 312 1499 perpauca
330 1445 371 1483 vi
390 1457 492 1497 opus
512 1442 612 1493 fuit,
643 1454 782 1482 cetera
803 1444 1018 1482 voluntate
1050 1442 1212 1482 dedita:
1245 1453 1285 1481 et
1303 1442 1354 1480 in.

26 1503 92 1543 his
114 1503 268 1555 recepti
288 1502 403 1540 inille
427 1511 466 1539 et
486 1501 708 1553 quingenti
729 1500 910 1554 dispositi
930 1515 1006 1553 per
1025 1499 1228 1554 praesidia
1246 1499 1355 1555 mili·

28 1572 89 1600 tes
119 1560 319 1599 Romani.
375 1560 531 1612 Magno
557 1558 647 1597 usui
677 1559 881 1597 Carvilius
917 1559 1154 1611 Spoletinus
1186 1568 1276 1597 erat
1302 1557 1355 1596 in.

27 1618 257 1670 colloquiis,
277 1615 475 1663 dicendo,
496 1616 605 1654 nihil
618 1617 666 1654 in
683 1615 792 1668 ipsos
809 1615 1019 1655 saevitum.
1049 1615 1118 1655 Ad
1133 1611 1354 1655 anneum

27 1685 280 1731 perventum
304 1673 382 1722 est,
418 1673 529 1725 quod
557 1673 644 1711 sine
674 1671 775 1723 justa
805 1675 1121 1727 oppugnatione
1141 1674 1236 1727 capi
1257 1685 1353 1713 non

26 1743 213 1787 poteram
245 1742 286 1770 et
317 1731 472 1782 majore
503 1731 739 1783 aliquanto,
772 1744 895 1783 quam
928 1741 1090 1780 cetera,
1117 1731 1350 1784 juventute,

27 1801 68 1830 et
88 1789 269 1829 validum
288 1787 486 1843 oppidum
509 1788 729 1826 moenibus
750 1798 851 1826 erat.
890 1798 929 1826 et
950 1788 1053 1827 hinc
1070 1789 1211 1827 amnis
1233 1786 1352 1826 Arta-

28 1859 91 1887 tus
115 1848 304 1894 nornine,
325 1847 429 1884 hinc
448 1859 571 1884 mons
587 1846 796 1899 praealtus
816 1855 857 1883 et
875 1844 989 1884 aditu
1009 1844 1190 1884 difficilis
1211 1846 1352 1898 cinge-

26 1908 110 1944 bat.
148 1905 252 1943 haec
275 1903 388 1957 spem
409 1903 461 1941 ad
481 1902 753 1942 resistendum
777 1901 1003 1956 oppidanis
1026 1903 1198 1942 dabant.
1256 1904 1350 1941 Per-

27 1963 144 2011 seus,
174 1957 483 2001 circumvallato
506 1960 683 2014 oppido,
721 1973 913 2013 aggerem
939 1975 963 1999 a
992 1972 1110 2014 parte
1136 1960 1372 2015 superiore*

6 2020 182 2062 xducere
203 2017 400 2067 instituit,
431 2018 544 2071 cujus
568 2017 789 2057 altitudine
811 2031 950 2057 muros
972 2016 1196 2072 superaret.
1238 2016 1353 2071 quod

11 2092 129 2132 ·opus
150 2077 248 2117 dum
271 2076 498 2130 perficitur,
526 2076 683 2115 crebris
703 2076 877 2114 interim
898 2077 1082 2129 proeliis,
1102 2076 1249 2130 quihus
1270 2088 1349 2130 per

29 2135 292 2175 excursiones
313 2144 353 2173 et
372 2133 541 2172 moenia
556 2132 625 2172 sua
647 2132 852 2186 oppidani
870 2135 1126 2183 tutabantur,
1158 2144 1198 2173 et
1220 2145 1350 2186 opera.

28 2192 206 2232 hostium
225 2191 530 2243 impediebant,
558 2204 712 2243 magna
734 2204 878 2229 eorum
901 2190 1123 2231 multitudo
1142 2191 1264 2232 variis
1285 2204 1355 2228 ca-

0 2254 1 2305 l
29 2250 139 2289 sibus
159 2249 342 2289 absumta
363 2248 442 2288 est:
474 2259 526 2297 et,
555 2249 625 2302 qui
646 2246 907 2301 supererant,
938 2249 1080 2289 labore
1100 2248 1256 2287 diurno
1273 2262 1348 2287 no-

0 2321 2 2354 Ἀ
29 2318 320 2360 cturnoqueet
339 2306 583 2347 vulneribus
602 2306 932 2346 intltiles'erant.
976 2307 1059 2347 Ubi
1080 2307 1263 2361 primum
1287 2319 1369 2358 ag-·

1 2357 2 2397 Ῑ
27 2379 102 2419 ger
122 2365 335 2416 injunctus
357 2378 480 2404 muro
501 2362 584 2412 est,
612 2373 652 2402 et
670 2363 820 2402 cohors
843 2364 978 2416 regia,
1005 2377 1106 2416 quos
1131 2364 1350 2404 Nicatoras

1 2428 3 2458 ἒ
29 2423 264 2480 appellant,
301 2419 606 2476 transscendit,
640 2431 682 2462 et
709 2419 826 2461 scalis
848 2422 989 2462 multis
1017 2420 1136 2463 simul
1164 2421 1352 2475 partibus

709 2478 744 2517 O
757 2492 780 2516 o
809 2479 839 2530 4
1223 2478 1354 2530 impe·
