1491 2677
75 59 127 101 ιε
261 37 265 39 ’
352 61 383 98 L
413 61 434 98 1
464 57 498 98 Β
529 58 564 99 Ε
595 58 636 100 R
669 41 816 101 xxm.
879 65 991 101 cm.
1023 61 1129 101 xxi.

388 128 442 168 U)
466 131 511 168 C.
532 133 632 177 552.
808 145 844 170 a.
863 132 907 169 C.
931 131 985 169 N.
1010 141 1107 170 200.

1143 185 1413 199 —ss———b

190 206 298 246 XXI.
337 209 358 248 J
364 221 431 246 am
450 210 657 250 exercitus
680 210 910 249 consularis
924 211 976 248 ab
989 209 1158 250 Arretio
1171 208 1418 250 Ariminum

72 264 292 304 traductus
312 276 424 312 erat,
454 276 494 306 et
515 267 703 321 quinque
723 267 858 306 millia
880 266 1036 306 socium
1059 268 1199 307 Latini
1221 268 1416 309 nominis

73 335 129 362 ex
161 322 302 362 Gallia
329 324 379 362 in
418 322 632 363 Etruriam
671 325 944 364 transierant.
1005 326 1145 378 itaque,
1173 327 1216 365 L.
1251 326 1436 375 Furius,‘

72 381 239 433 magnis
274 380 498 420 itineribus
528 383 580 420 ab
598 380 800 423 Arimino
831 381 1024 422 adversus
1044 383 1212 431 Gallos,
1245 383 1413 422 Cremo-

73 451 177 476 ·nam
203 447 292 476 tum
314 437 574 488 obsidentes,
607 438 840 492 profectus,
872 439 1002 478 castra
1024 440 1139 478 mille
1160 440 1413 493 quingento-

75 509 172 534 rum
200 494 392 547 passuum
426 497 652 550 intervallo
682 499 734 535 ab
760 495 877 535 hoste
904 496 1050 550 posuit.
1110 495 1278 536 Occasio
1299 508 1413 549 egre-¹

75 550 141 604 gie
161 550 225 589 rei
247 552 460 604 gerendae
479 546 580 600 fuit,
612 551 640 591 fi
662 553 854 607 protinus
878 553 930 592 de
950 555 1015 594 via
1045 552 1099 592 ad
1127 553 1257 592 castra
1281 565 1411 606 oppu-

75 606 251 662 gnanda
286 608 478 650 duxisset.
550 610 678 650 Palati
706 609 854 664 passim
884 613 1141 664 vagabantur
1171 624 1248 664 per
1277 622 1412 664 agros,

76 667 199 705 nullo
219 664 312 706 satis
334 667 455 706 firmo
476 668 622 707 relicto
651 667 868 722 praesidio.
899 667 1129 724 lasti-rudini
1157 669 1339 707 militum
1364 665 1413 706 ti·

77 723 199 773 muit,
230 724 342 777 quod
365 726 519 778 raptim
542 725 712 764 ductum
733 739 886 779 agmen
910 737 1010 765 erat.
1073 726 1199 775 Galli,
1225 725 1412 764 clamore

77 780 246 820 suorum
267 796 320 822 ex
341 783 447 836 agris
470 785 674 832 revocati,
705 783 851 822 omissa
873 783 1048 838 praeda,
1082 792 1185 837 qua‘e
1205 783 1254 822 in
1276 781 1411 822 mani-

75 839 154 880 bus
175 849 287 889 erat,
319 839 450 879 castra
471 841 722 895 repetivere,
755 852 795 880 et
814 841 978 896 postero
997 841 1066 880 die
1085 842 1134 880 in
1157 841 1290 880 aciem
1313 853 1410 894 pro-

77 896 213 951 gressi.
245 911 327 937 nec
348 899 567 938 Romanus
588 912 749 938 moram
773 898 992 954 pugnandi
1012 898 1124 938 fecit.
1156 897 1228 938 sed
1239 898 1310 941 vix
1321 896 1411 951 spa-³

79 955 184 994 tium
207 954 451 995 instruendi
470 955 568 995 fuit:
599 970 660 1009 eost
674 955 797 1014 cursu
817 956 952 996 hostes
972 958 1021 995 in
1050 956 1259 1010 proelium
1283 967 1410 995 vene·
1460 1003 1464 1018 1

78 1024 195 1051 runt.
256 1013 421 1052 Dextra
450 1014 514 1051 ala
542 1014 607 1063 (in
640 1015 724 1054 alas
757 1013 934 1054 divisum
957 1013 1151 1053 socialem
1178 1011 1410 1053 exercitum

77 1070 281 1120 habebat)
306 1072 356 1111 in
376 1071 513 1124 prima
532 1072 620 1113 acie
640 1073 771 1111 locata
791 1071 870 1121 est;
907 1072 956 1111 in
984 1071 1169 1123 subsidiis
1196 1070 1305 1110 duae
1326 1071 1411 1108 Ro-

78 1143 233 1168 manae
252 1129 453 1182 legiones.
514 1130 572 1168 M.
595 1123 742 1169 Furiu's
765 1129 936 1169 dextrae
958 1124 1075 1178 alae?
1092 1126 1326 1182 legionibus
1349 1128 1409 1167 M.

81 1186 310 1236 Caecilius,
350 1187 555 1239 equitibus
588 1188 631 1226 L.
665 1188 853 1228 Valerius
884 1188 1053 1227 Flaccus
1085 1186 1230 1238 (legati
1259 1195 1410 1224 omnes

81 1245 223 1293 erant)
246 1243 480 1298 praepositi.
542 1246 712 1284 Praetor
731 1244 868 1291 secum
890 1245 991 1284 duos
1015 1245 1182 1298 legatos,
1216 1245 1292 1284 Cn.
1312 1243 1411 1282 Lae-

80 1303 235 1342 torium
267 1313 308 1341 et
338 1303 378 1340 P.
410 1302 642 1352 Titinium,
684 1298 888 1343 habe-batt
935 1317 1031 1341 cum
1061 1301 1208 1355 quibus
1236 1302 1411 1340 circum·

79 1359 241 1414 spicere
272 1370 312 1399 et
344 1360 461 1398 obire
495 1359 548 1398 ad
577 1374 726 1400 omnes
755 1359 934 1399 hostium
957 1359 1105 1398 subitos
1125 1369 1300 1398 conatus
1321 1354 1411 1412 pos-

81 1418 153 1457 set.
222 1418 360 1457 Primo
393 1417 530 1473 Galli,
580 1419 701 1457 omni
730 1418 999 1457 multitudine
1029 1418 1077 1455 in
1106 1431 1241 1456 unum
1270 1417 1410 1454 locum

82 1474 261 1525 connifi,
283 1477 461 1514 obruere
483 1487 606 1528 atque
625 1479 816 1528 obterere
836 1474 918 1514 sese
937 1474 1129 1513 dextram
1153 1476 1276 1522 alam,
1302 1485 1409 1526 quae

81 1534 222 1589 prima
254 1543 366 1582 erat,
409 1532 631 1585 sperarunt
651 1526 778 1587 posse·
815 1533 886 1572 ubi
906 1531 950 1572 id
971 1546 1118 1585 parum
1140 1529 1407 1586 procedebat,

83 1592 304 1631 circumire
329 1606 351 1629 a
371 1591 594 1636 cornibus,
638 1603 679 1630 et
699 1591 892 1644 amplecti
919 1589 1099 1628 hostium
1124 1590 1256 1628 aciem
1276 1584 1412 1642 (quod

82 1649 132 1689 in
150 1647 424 1687 multitudine
457 1648 652 1689 adversus
681 1662 832 1703 paucos
850 1647 978 1687 ¹facile
1002 1646 1239 1696 videbatur)
1270 1644 1412 1685 eonati

82 1706 191 1748 sunt.
250 1705 301 1744 Id
329 1706 399 1744 ubi
430 1705 533 1745 vidit
556 1716 748 1760 praetor,
787 1716 832 1744 ut
852 1716 892 1745 et
920 1703 1007 1759 ipse
1034 1704 1238 1744 dilataret'
1258 1704 1408 1751 aciem,

84 1764 184 1804 duas
203 1764 390 1817 legiones
413 1776 464 1801 ex
485 1763 670 1804 subsidiis
693 1748 839 1804 dextra
861 1757 1059 1818 laevisque
1082 1764 1196 1812 alae,
1226 1774 1330 1815 quae
1359 1760 1410 1798 in

82 1823 220 1878 prima
251 1822 338 1860 acie
369 1823 602 1874 pugnabat,
641 1819 1160 1873 circumdiffTaedemque
1187 1819 1284 1858 Deo
1315 1817 1410 1857 Jovi

84 1879 219 1928 vovit,
258 1878 286 1917 fi
307 1893 355 1917 eo
379 1878 446 1916 die
471 1879 607 1919 hostes
628 1867 809 1918 fud‘ffl'et.
871 1880 914 1918 L.
939 1878 1106 1930 Valerio
1127 1879 1330 1931 imperat,
1363 1884 1410 1913 ut

82 1947 202 1991 parte
224 1937 400 1974 duarum
424 1937 639 1989 legionum
667 1938 850 1989 equites,
881 1933 1009 1974 altera
1030 1934 1236 1973 sociorum
1259 1933 1411 1986 equita-

84 2006 172 2033 tum
195 1994 244 2033 in
264 2007 425 2032 cornua
443 1994 623 2033 hostium
644 1996 819 2042 emittat,
844 1988 1256 2045 nee⁸eircumire20s
1276 1990 1410 2029 aciem

82 2052 276 2106 patiatur.
317 2050 434 2089 simul
458 2063 496 2089 et
521 2051 606 2105 ipse
620 2082 630 2101 ,
666 2063 709 2090 ut
730 2061 995 2090 extenuatam
1015 2049 1199 2088 mediam
1221 2048 1411 2088 deductis

84 2110 283 2148 cornibus
303 2109 435 2147 aciem
458 2109 677 2148 Gallorum
704 2108 831 2160 vidit,
867 2107 980 2161 signa
1012 2106 1174 2146 inferre
1197 2105 1410 2146 confertos

84 2167 259 2215 milites,
309 2177 350 2204 et
379 2180 655 2220 perrumpere
684 2163 857 2204 ordines
887 2166 1013 2218 jubet.
1082 2165 1135 2203 Et
1167 2178 1328 2204 cornua
1358 2163 1411 2201 ab

85 2224 312 2276 equitibus,
361 2234 400 2261 et
429 2224 557 2263 medii
582 2239 606 2262 a
636 2222 777 2278 pedite
818 2221 935 2276 pulsi.
996 2236 1043 2260 ac
1070 2234 1272 2275 repente,
1315 2235 1412 2261 cum

85 2280 206 2320 omni
224 2291 345 2335 parte
370 2280 497 2319 caede
518 2282 681 2335 ingenti
701 2280 1016 2327 sternerentur,
1052 2279 1165 2318 Galli
1186 2291 1300 2333 terga
1323 2293 1412 2319 ver-

84 2348 203 2386 tunt,
237 2337 413 2391 fugaque
444 2337 573 2377 effusa
595 2348 795 2392 repetunt
815 2336 956 2375 castra.
994 2335 1202 2389 fugientes
1225 2335 1412 2389 persecu-

82 2406 149 2434 tus
172 2408 321 2448 eques,
362 2410 462 2434 mox
492 2407 532 2435 et
552 2397 740 2449 legiones
757 2393 966 2434 insecutae
987 2394 1035 2432 in
1058 2393 1187 2432 castra
1206 2396 1412 2448 impetum

83 2451 290 2494 fecerunt.
349 2453 494 2494 Minus
521 2452 593 2493 sex
610 2454 743 2492 millia
771 2452 994 2493 hominum
1022 2450 1127 2492 inde
1156 2449 1410 2506 effugerunt,

1296 2507 1412 2549 caesa
