1548 2703
352 96 385 136 L
411 96 432 135 1
462 94 495 134 R
527 93 563 135 E
587 94 629 135 R
665 94 787 135 xiv.
847 95 958 148 cn.
983 96 1125 137 XLIV.
1315 97 1398 147 677

400 168 449 204 U.
475 167 516 203 C.
538 171 636 211 585·
743 186 750 193 ·
775 179 809 202 a.
834 167 874 204 C.
897 166 950 204 Ν.
978 168 1067 215 167.

71 217 1398 234 -—-—-——---—-——-—————-————-————-

72 245 244 283 lemacum
265 246 441 300 Aegypti
464 257 592 298 regem
622 244 703 297 effe.
763 244 978 302 Cum‘hoc
1011 244 1209 299 responso
1239 247 1395 289 Prusias

71 301 129 340 est
149 300 348 342 dimissus.
393 304 572 340 Munera
594 303 631 340 ei
657 300 740 340 ex*
760 300 950 340 sestertiis
969 301 1070 353 jussa
1094 302 1197 353 dari,
1221 316 1261 343 et
1282 304 1396 344 vaso-

67 373 162 397 rum
187 370 479 411 argenteorum
507 358 651 411 pondo
673 359 987 413 quinquaginta.
1029 370 1067 397 et
1086 360 1168 399 filio
1188 362 1296 414 regis
1318 363 1394 402 Ni-

66 415 232 454 comedi
255 430 306 455 ex
329 430 375 454 ea
395 416 551 454 summa
581 430 758 454 munera
789 416 879 454 dari
906 415 1184 467 censuerunt,
1229 433 1282 458 ex
1310 434 1392 472 qua

65 469 284 527 Masgabae
303 474 387 512 filio
405 474 513 526 regis
533 472 765 512 Mafinisfae
786 473 881 512 dara
901 473 1052 512 essent:
1084 473 1393 519 etut'v'ictimae

65 531 238 583 aliaque,
271 545 374 583 quae
394 530 449 577 ad
470 530 713 569 sacrificium
733 531 1011 584 pertinerent,
1034 530 1104 570 seu
1122 534 1295 583 Romae,
1321 534 1391 574 seu

66 587 284 627 Praeneste
305 589 524 627 immolare
547 589 693 636 vellet,
732 588 822 641 regi
844 602 896 626 ex
914 589 1104 641 publico,
1132 589 1242 629 *ficut
1264 593 1393 644 magi-

62 643 255 684 stratibus
277 647 504 694 Romanis,
534 648 863 699 praeberenturt
894 657 932 683 et
958 657 1001 684 ut
1025 660 1078 685 ex
1106 647 1251 697 classe,
1283 663 1390 701 quae

62 702 276 742 Brundisii
296 702 408 752 esset,
434 717 562 741 naves
577 705 727 756 longae
739 703 887 755 viginti
901 701 1220 756 assignarentur,
1241 707 1390 758 quibus

59 770 275 809 uteretur,
309 760 446 799 donec
467 759 518 801 ad
542 759 731 809 classem,
764 759 878 799 dono
901 759 1038 798 datam
1061 762 1112 810 ei,
1144 777 1221 802 rex
1242 777 1389 816 perve-

59 817 197 856 nisset.
237 819 280 856 L.
296 819 514 857 Cornelius
537 818 673 871 Scipio
695 832 751 872 ne
770 819 821 854 ab
842 831 891 855 eo
914 817 1168 868 abscederet,
1190 819 1390 860 sumtum..

61 888 141 927 que
180 874 256 928 ipfi
296 886 336 927 et
373 875 593 913 comitibus
626 876 873 928 praeberet,
932 873 1070 914 donee
1104 890 1258 916 navem
1288 893 1389 918 con-

58 931 292 970 scendisset.
350 933 458 970 Mire
489 933 645 970 laetum
667 943 707 970 et
729 947 777 971 ea
804 932 1064 985 benignitate
1094 934 1143 972 in
1174 934 1215 974 se
1242 937 1387 989 populi

57 989 244 1029 Romani
263 1003 402 1042 regem
427 988 559 1038 fuisse,
581 988 750 1028 feruntz
782 1003 960 1028 munera
977 989 1051 1029 fibi
1072 990 1207 1044 ipsum
1219 993 1387 1044 emisse3

57 1047 188 1085 filium
210 1046 359 1099 jussisse
382 1046 545 1085 donum
567 1048 711 1101 populi
732 1047 918 1085 Romani
936 1048 1138 1100 accipere.
1199 1051 1311 1090 Haec
1330 1051 1384 1090 de

57 1103 193 1143 Prusia
230 1103 361 1142 nostri
399 1103 634 1157 scriptores.
700 1104 914 1156 Polybius,
963 1119 1057 1143 eum
1098 1119 1240 1159 regern
1271 1108 1383 1148 indi.

57 1175 189 1214 gnum
209 1160 420 1212 majestate
438 1162 628 1200 nominis
648 1163 774 1210 tanti,
807 1160 956 1210 tradit3
986 1163 1184 1215 pileatum
1198 1194 1210 1214 ,
1244 1167 1382 1219 capite

57 1218 172 1268 raso,
204 1221 369 1257 obviam
390 1219 452 1257 ire
476 1220 619 1271 legatis
650 1218 835 1266 solitum,
871 1218 1151 1273 libertumque
1169 1221 1208 1260 se
1235 1224 1380 1276 populi

15 1311 24 1315 r
54 1276 241 1316 Rormani
260 1275 397 1324 ferret,
427 1286 468 1314 et
487 1276 582 1314 ideo
605 1275 787 1330 insignia
804 1276 966 1315 ordinis
992 1277 1077 1329 ejus
1097 1274 1256 1331 gerere.
1297 1282 1380 1320 Ro.

54 1348 150 1372 mae
170 1347 357 1386 quoque,
389 1347 483 1370 cum
515 1334 678 1372 veniret
706 1335 754 1372 in
784 1334 965 1381 curiam,
998 1333 1222 1375 submisisse
1242 1336 1305 1387 se,
1337 1350 1380 1378 et:

53 1390 191 1430 oseu}0
211 1392 344 1429 limen
364 1391 503 1428 curiae
525 1390 759 1444 contigisse:
791 1400 830 1428 et
854 1389 1295 1448 Deosservatoressuos
1318 1395 1380 1435 se.

52 1460 200 1487 natum
223 1446 469 1501 appellasse,
498 1449 702 1501 aliamque
723 1448 954 1486 orationem
972 1478 982 1498 ,
1014 1463 1107 1488 non
1130 1461 1215 1489 tam
1244 1452 1378 1492 hono.

52 1505 212 1544 rificam
253 1504 542 1549 audientibus,
592 1519 716 1558 quam
757 1504 830 1543 fibi
850 1504 1100 1545 ‘deformem
1115 1537 1127 1556 ,
1177 1508 1374 1550 habuisse.

53 1565 240 1602 Moratus
259 1563 367 1600 circa
391 1563 540 1601 urbem
561 1564 733 1618 triginta
753 1562 866 1603 haud
886 1565 1064 1618 amplius
1087 1564 1199 1618 dies,
1231 1567 1281 1608 in
1310 1582 1374 1610 re-

51 1633 183 1676 gnum
196 1619 269 1670 sest·
280 1618 503 1675 profectus.
525 1656 529 1661 .

708 2551 785 2591 Uu
814 2556 844 2599 3
1216 2527 1370 2594 Em..
