<?xml version="1.0" encoding="UTF-8"?>
<!DOCTYPE html PUBLIC "-//W3C//DTD XHTML 1.0 Transitional//EN"
    "http://www.w3.org/TR/xhtml1/DTD/xhtml1-transitional.dtd">
<html xmlns="http://www.w3.org/1999/xhtml" xml:lang="en" lang="en">
 <head>
  <title>
</title>
<meta http-equiv="Content-Type" content="text/html;charset=utf-8" />
  <meta name='ocr-system' content='tesseract 3.04.00' />
  <meta name='ocr-capabilities' content='ocr_page ocr_carea ocr_par ocr_line ocrx_word'/>
</head>
<body>
  <div class='ocr_page' id='page_1' title='image "./historiarumlib03livyuoft_0029.png"; bbox 0 0 1491 2677; ppageno 0'>
   <div class='ocr_carea' id='block_1_1' title="bbox 309 51 1473 173">
    <p class='ocr_par' dir='ltr' id='par_1_1' title="bbox 309 51 1473 173">
     <span class='ocr_line' id='line_1_1' title="bbox 309 51 1473 105; baseline 0.003 -13"><span class='ocrx_word' id='word_1_1' title='bbox 309 52 343 93; x_wconf 86' lang='lat' dir='ltr'>L</span> <span class='ocrx_word' id='word_1_2' title='bbox 372 53 393 92; x_wconf 87' lang='lat' dir='ltr'>I</span> <span class='ocrx_word' id='word_1_3' title='bbox 421 53 457 93; x_wconf 93' lang='lat' dir='ltr'>B</span> <span class='ocrx_word' id='word_1_4' title='bbox 492 52 528 93; x_wconf 87' lang='lat' dir='ltr'>E</span> <span class='ocrx_word' id='word_1_5' title='bbox 556 53 598 94; x_wconf 87' lang='lat' dir='ltr'>R</span> <span class='ocrx_word' id='word_1_6' title='bbox 649 54 794 94; x_wconf 85' lang='lat' dir='ltr'>XXXI.</span> <span class='ocrx_word' id='word_1_7' title='bbox 837 51 975 94; x_wconf 62' lang='lat' dir='ltr'>Cn.</span> <span class='ocrx_word' id='word_1_8' title='bbox 999 53 1297 105; x_wconf 38' lang='lat' dir='ltr'>XXV5XXVI.</span> <span class='ocrx_word' id='word_1_9' title='bbox 1416 59 1473 102; x_wconf 83' lang='lat'>23</span> 
     </span>
     <span class='ocr_line' id='line_1_2' title="bbox 427 124 1173 173; baseline -0.003 -11"><span class='ocrx_word' id='word_1_10' title='bbox 427 125 482 173; x_wconf 55' lang='lat' dir='ltr'>U„</span> <span class='ocrx_word' id='word_1_11' title='bbox 504 126 547 162; x_wconf 90' lang='lat' dir='ltr'>C.</span> <span class='ocrx_word' id='word_1_12' title='bbox 570 127 670 170; x_wconf 83' lang='lat'><strong><em>552.</em></strong></span> <span class='ocrx_word' id='word_1_13' title='bbox 872 138 906 162; x_wconf 86' lang='lat' dir='ltr'>a.</span> <span class='ocrx_word' id='word_1_14' title='bbox 931 126 974 162; x_wconf 91' lang='lat' dir='ltr'>C.</span> <span class='ocrx_word' id='word_1_15' title='bbox 1000 124 1053 162; x_wconf 89' lang='lat' dir='ltr'>N.</span> <span class='ocrx_word' id='word_1_16' title='bbox 1077 135 1173 163; x_wconf 82' lang='lat'><strong>200.</strong></span> 
     </span>
    </p>
   </div>
   <div class='ocr_carea' id='block_1_2' title="bbox 121 202 1468 533">
    <p class='ocr_par' dir='ltr' id='par_1_2' title="bbox 121 202 1468 533">
     <span class='ocr_line' id='line_1_3' title="bbox 129 202 1468 258; baseline 0.001 -15"><span class='ocrx_word' id='word_1_17' title='bbox 129 219 253 258; x_wconf 89' lang='lat' dir='ltr'>quam</span> <span class='ocrx_word' id='word_1_18' title='bbox 286 214 460 258; x_wconf 88' lang='lat' dir='ltr'>propter</span> <span class='ocrx_word' id='word_1_19' title='bbox 489 216 591 256; x_wconf 86' lang='lat' dir='ltr'>quas</span> <span class='ocrx_word' id='word_1_20' title='bbox 621 206 839 243; x_wconf 83' lang='lat' dir='ltr'>convocati</span> <span class='ocrx_word' id='word_1_21' title='bbox 868 203 1030 252; x_wconf 77' lang='lat' dir='ltr'>essent3</span> <span class='ocrx_word' id='word_1_22' title='bbox 1064 202 1233 242; x_wconf 86' lang='lat' dir='ltr'>decreto</span> <span class='ocrx_word' id='word_1_23' title='bbox 1266 204 1322 243; x_wconf 90' lang='lat' dir='ltr'>de</span> <span class='ocrx_word' id='word_1_24' title='bbox 1349 219 1468 244; x_wconf 78' lang='lat' dir='ltr'>exer-</span> 
     </span>
     <span class='ocr_line' id='line_1_4' title="bbox 123 259 1464 315; baseline -0.002 -11"><span class='ocrx_word' id='word_1_25' title='bbox 123 263 212 304; x_wconf 77' lang='lat' dir='ltr'>citu</span> <span class='ocrx_word' id='word_1_26' title='bbox 241 261 434 315; x_wconf 83' lang='lat' dir='ltr'>parando</span> <span class='ocrx_word' id='word_1_27' title='bbox 465 259 662 300; x_wconf 84' lang='lat' dir='ltr'>adversus</span> <span class='ocrx_word' id='word_1_28' title='bbox 690 262 834 301; x_wconf 87' lang='lat' dir='ltr'>Nabin</span> <span class='ocrx_word' id='word_1_29' title='bbox 867 260 999 308; x_wconf 77' lang='lat' dir='ltr'>facto,</span> <span class='ocrx_word' id='word_1_30' title='bbox 1033 262 1262 300; x_wconf 88' lang='lat' dir='ltr'>concilium</span> <span class='ocrx_word' id='word_1_31' title='bbox 1296 261 1464 302; x_wconf 84' lang='lat' dir='ltr'>fortiter</span> 
     </span>
     <span class='ocr_line' id='line_1_5' title="bbox 125 317 1466 371; baseline 0 -12"><span class='ocrx_word' id='word_1_32' title='bbox 125 334 174 359; x_wconf 77' lang='lat' dir='ltr'>ac</span> <span class='ocrx_word' id='word_1_33' title='bbox 192 320 325 358; x_wconf 84' lang='lat' dir='ltr'>libere</span> <span class='ocrx_word' id='word_1_34' title='bbox 345 319 533 358; x_wconf 80' lang='lat' dir='ltr'>habitum</span> <span class='ocrx_word' id='word_1_35' title='bbox 555 317 734 368; x_wconf 78' lang='lat' dir='ltr'>dimifit3</span> <span class='ocrx_word' id='word_1_36' title='bbox 774 320 888 359; x_wconf 88' lang='lat' dir='ltr'>inter</span> <span class='ocrx_word' id='word_1_37' title='bbox 908 317 1184 369; x_wconf 34' lang='lat' dir='ltr'>‚assentatores</span> <span class='ocrx_word' id='word_1_38' title='bbox 1209 321 1343 371; x_wconf 89' lang='lat' dir='ltr'>regios</span> <span class='ocrx_word' id='word_1_39' title='bbox 1364 330 1466 359; x_wconf 85' lang='lat' dir='ltr'>ante</span> 
     </span>
     <span class='ocr_line' id='line_1_6' title="bbox 124 374 1460 434; baseline 0.001 -18"><span class='ocrx_word' id='word_1_40' title='bbox 124 391 217 417; x_wconf 83' lang='lat' dir='ltr'>eam</span> <span class='ocrx_word' id='word_1_41' title='bbox 243 376 354 415; x_wconf 82' lang='lat' dir='ltr'>diem</span> <span class='ocrx_word' id='word_1_42' title='bbox 376 376 554 434; x_wconf 56' lang='lat' dir='ltr'>Qus.</span> <span class='ocrx_word' id='word_1_43' title='bbox 612 376 848 430; x_wconf 82' lang='lat' dir='ltr'>Philippus,</span> <span class='ocrx_word' id='word_1_44' title='bbox 880 389 1035 429; x_wconf 85' lang='lat' dir='ltr'>magna</span> <span class='ocrx_word' id='word_1_45' title='bbox 1055 375 1125 428; x_wconf 75' lang='lat' dir='ltr'>spe</span> <span class='ocrx_word' id='word_1_46' title='bbox 1149 374 1357 428; x_wconf 87' lang='lat' dir='ltr'>depulsus,</span> <span class='ocrx_word' id='word_1_47' title='bbox 1391 391 1460 417; x_wconf 77' lang='lat' dir='ltr'>vo-</span> 
     </span>
     <span class='ocr_line' id='line_1_7' title="bbox 121 433 1459 488; baseline -0.001 -13"><span class='ocrx_word' id='word_1_48' title='bbox 121 434 316 476; x_wconf 82' lang='lat' dir='ltr'>luntariis</span> <span class='ocrx_word' id='word_1_49' title='bbox 346 434 487 488; x_wconf 74' lang='lat' dir='ltr'>paucis</span> <span class='ocrx_word' id='word_1_50' title='bbox 515 434 716 473; x_wconf 71' lang='lat' dir='ltr'>militibus</span> <span class='ocrx_word' id='word_1_51' title='bbox 736 434 1007 488; x_wconf 73' lang='lat' dir='ltr'>conscriptis,</span> <span class='ocrx_word' id='word_1_52' title='bbox 1051 433 1304 472; x_wconf 84' lang='lat' dir='ltr'>Corinthum</span> <span class='ocrx_word' id='word_1_53' title='bbox 1333 445 1459 488; x_wconf 79' lang='lat' dir='ltr'>atque</span> 
     </span>
     <span class='ocr_line' id='line_1_8' title="bbox 121 490 709 533; baseline -0.005 0"><span class='ocrx_word' id='word_1_54' title='bbox 121 493 170 533; x_wconf 88' lang='lat' dir='ltr'>in</span> <span class='ocrx_word' id='word_1_55' title='bbox 191 492 372 532; x_wconf 84' lang='lat' dir='ltr'>Atticam</span> <span class='ocrx_word' id='word_1_56' title='bbox 392 501 546 530; x_wconf 82' lang='lat' dir='ltr'>terram</span> <span class='ocrx_word' id='word_1_57' title='bbox 569 490 709 530; x_wconf 79' lang='lat' dir='ltr'>rediit.</span> 
     </span>
    </p>
   </div>
   <div class='ocr_carea' id='block_1_3' title="bbox 148 108 387 122">
    <p class='ocr_par' dir='ltr' id='par_1_3' title="bbox 148 108 387 122">
     <span class='ocr_line' id='line_1_9' title="bbox 148 108 387 122; baseline 0 2555"><span class='ocrx_word' id='word_1_58' title='bbox 148 108 387 122; x_wconf 95' lang='lat' dir='ltr'> </span> 
     </span>
    </p>
   </div>
   <div class='ocr_carea' id='block_1_4' title="bbox 91 603 1453 2503">
    <p class='ocr_par' dir='ltr' id='par_1_4' title="bbox 91 603 1453 2503">
     <span class='ocr_line' id='line_1_10' title="bbox 232 603 1453 659; baseline 0.002 -15"><span class='ocrx_word' id='word_1_59' title='bbox 232 606 402 644; x_wconf 62' lang='lat' dir='ltr'>XXVI„</span> <span class='ocrx_word' id='word_1_60' title='bbox 440 606 517 644; x_wconf 82' lang='lat' dir='ltr'>Per</span> <span class='ocrx_word' id='word_1_61' title='bbox 548 619 616 645; x_wconf 82' lang='lat' dir='ltr'>eos</span> <span class='ocrx_word' id='word_1_62' title='bbox 656 605 765 659; x_wconf 87' lang='lat' dir='ltr'>ipsos</span> <span class='ocrx_word' id='word_1_63' title='bbox 800 603 911 653; x_wconf 83' lang='lat' dir='ltr'>dies,</span> <span class='ocrx_word' id='word_1_64' title='bbox 965 606 1114 657; x_wconf 88' lang='lat' dir='ltr'>quibus</span> <span class='ocrx_word' id='word_1_65' title='bbox 1155 605 1370 659; x_wconf 78' lang='lat' dir='ltr'>Philippus</span> <span class='ocrx_word' id='word_1_66' title='bbox 1403 606 1453 646; x_wconf 84' lang='lat' dir='ltr'>in</span> 
     </span>
     <span class='ocr_line' id='line_1_11' title="bbox 116 659 1451 717; baseline 0.001 -16"><span class='ocrx_word' id='word_1_67' title='bbox 116 659 278 716; x_wconf 64' lang='lat' dir='ltr'>Achaia</span> <span class='ocrx_word' id='word_1_68' title='bbox 297 662 397 712; x_wconf 86' lang='lat' dir='ltr'>fuit,</span> <span class='ocrx_word' id='word_1_69' title='bbox 424 663 626 703; x_wconf 76' lang='lat' dir='ltr'>Philocles</span> <span class='ocrx_word' id='word_1_70' title='bbox 646 662 883 716; x_wconf 70' lang='lat' dir='ltr'>praefectus</span> <span class='ocrx_word' id='word_1_71' title='bbox 901 663 1059 716; x_wconf 82' lang='lat' dir='ltr'>regius,</span> <span class='ocrx_word' id='word_1_72' title='bbox 1093 678 1146 704; x_wconf 82' lang='lat' dir='ltr'>ex</span> <span class='ocrx_word' id='word_1_73' title='bbox 1165 663 1336 702; x_wconf 77' lang='lat' dir='ltr'>Euboea</span> <span class='ocrx_word' id='word_1_74' title='bbox 1356 678 1451 717; x_wconf 84' lang='lat' dir='ltr'>pro-</span> 
     </span>
     <span class='ocr_line' id='line_1_12' title="bbox 116 715 1450 774; baseline 0.001 -15"><span class='ocrx_word' id='word_1_75' title='bbox 116 715 248 760; x_wconf 73' lang='lat' dir='ltr'>fectus</span> <span class='ocrx_word' id='word_1_76' title='bbox 277 735 371 759; x_wconf 86' lang='lat' dir='ltr'>cum</span> <span class='ocrx_word' id='word_1_77' title='bbox 413 720 573 760; x_wconf 83' lang='lat' dir='ltr'>duobus</span> <span class='ocrx_word' id='word_1_78' title='bbox 613 722 798 760; x_wconf 86' lang='lat' dir='ltr'>millibus</span> <span class='ocrx_word' id='word_1_79' title='bbox 829 721 1044 759; x_wconf 83' lang='lat' dir='ltr'>Thracum</span> <span class='ocrx_word' id='word_1_80' title='bbox 1078 720 1450 774; x_wconf 80' lang='lat' dir='ltr'><strong>Macedonumque</strong></span> 
     </span>
     <span class='ocr_line' id='line_1_13' title="bbox 116 776 1450 831; baseline 0.001 -15"><span class='ocrx_word' id='word_1_81' title='bbox 116 776 169 816; x_wconf 88' lang='lat' dir='ltr'>ad</span> <span class='ocrx_word' id='word_1_82' title='bbox 191 777 511 831; x_wconf 82' lang='lat' dir='ltr'>depopulandos</span> <span class='ocrx_word' id='word_1_83' title='bbox 541 777 864 817; x_wconf 73' lang='lat' dir='ltr'>Atheniensium</span> <span class='ocrx_word' id='word_1_84' title='bbox 888 779 1016 827; x_wconf 80' lang='lat' dir='ltr'>lines,</span> <span class='ocrx_word' id='word_1_85' title='bbox 1048 792 1070 817; x_wconf 88' lang='lat' dir='ltr'>e</span> <span class='ocrx_word' id='word_1_86' title='bbox 1098 779 1272 830; x_wconf 80' lang='lat' dir='ltr'>regione</span> <span class='ocrx_word' id='word_1_87' title='bbox 1294 777 1450 818; x_wconf 72' lang='lat' dir='ltr'>Eleusi-</span> 
     </span>
     <span class='ocr_line' id='line_1_14' title="bbox 98 834 1451 890; baseline 0.001 -17"><span class='ocrx_word' id='word_1_88' title='bbox 98 835 183 877; x_wconf 50' lang='lat' dir='ltr'>‘nis</span> <span class='ocrx_word' id='word_1_89' title='bbox 206 835 354 873; x_wconf 87' lang='lat' dir='ltr'>saltum</span> <span class='ocrx_word' id='word_1_90' title='bbox 385 836 650 875; x_wconf 77' lang='lat' dir='ltr'>Cithaeronis</span> <span class='ocrx_word' id='word_1_91' title='bbox 680 834 972 874; x_wconf 85' lang='lat' dir='ltr'>transscendit.</span> <span class='ocrx_word' id='word_1_92' title='bbox 1004 835 1108 874; x_wconf 88' lang='lat' dir='ltr'>inde</span> <span class='ocrx_word' id='word_1_93' title='bbox 1129 835 1305 874; x_wconf 80' lang='lat' dir='ltr'>dimidia</span> <span class='ocrx_word' id='word_1_94' title='bbox 1325 846 1451 890; x_wconf 82' lang='lat' dir='ltr'>parte·</span> 
     </span>
     <span class='ocr_line' id='line_1_15' title="bbox 113 891 1445 947; baseline 0 -15"><span class='ocrx_word' id='word_1_95' title='bbox 113 893 291 932; x_wconf 84' lang='lat' dir='ltr'>militum</span> <span class='ocrx_word' id='word_1_96' title='bbox 317 891 370 931; x_wconf 87' lang='lat' dir='ltr'>ad</span> <span class='ocrx_word' id='word_1_97' title='bbox 393 892 686 947; x_wconf 85' lang='lat' dir='ltr'>praedandum</span> <span class='ocrx_word' id='word_1_98' title='bbox 710 892 854 947; x_wconf 75' lang='lat' dir='ltr'>passim</span> <span class='ocrx_word' id='word_1_99' title='bbox 875 908 950 945; x_wconf 87' lang='lat' dir='ltr'>per</span> <span class='ocrx_word' id='word_1_100' title='bbox 972 907 1092 947; x_wconf 84' lang='lat' dir='ltr'>agros</span> <span class='ocrx_word' id='word_1_101' title='bbox 1115 892 1302 943; x_wconf 86' lang='lat' dir='ltr'>dimissa,</span> <span class='ocrx_word' id='word_1_102' title='bbox 1347 908 1445 933; x_wconf 82' lang='lat' dir='ltr'>cum</span> 
     </span>
     <span class='ocr_line' id='line_1_16' title="bbox 111 949 1441 1004; baseline 0.001 -16"><span class='ocrx_word' id='word_1_103' title='bbox 111 961 230 1004; x_wconf 82' lang='lat' dir='ltr'>parte</span> <span class='ocrx_word' id='word_1_104' title='bbox 262 949 349 1003; x_wconf 87' lang='lat' dir='ltr'>ipse</span> <span class='ocrx_word' id='word_1_105' title='bbox 377 952 559 990; x_wconf 84' lang='lat' dir='ltr'>occultus</span> <span class='ocrx_word' id='word_1_106' title='bbox 590 953 682 990; x_wconf 89' lang='lat' dir='ltr'>loco</span> <span class='ocrx_word' id='word_1_107' title='bbox 710 950 764 989; x_wconf 81' lang='lat' dir='ltr'>ad</span> <span class='ocrx_word' id='word_1_108' title='bbox 783 950 952 990; x_wconf 80' lang='lat' dir='ltr'>infidias</span> <span class='ocrx_word' id='word_1_109' title='bbox 975 961 1213 1004; x_wconf 82' lang='lat' dir='ltr'>opportuno</span> <span class='ocrx_word' id='word_1_110' title='bbox 1235 950 1441 1000; x_wconf 77' lang='lat' dir='ltr'>consedit,</span> 
     </span>
     <span class='ocr_line' id='line_1_17' title="bbox 111 1006 1441 1063; baseline 0.002 -17"><span class='ocrx_word' id='word_1_111' title='bbox 111 1018 178 1057; x_wconf 89' lang='lat' dir='ltr'>ut,</span> <span class='ocrx_word' id='word_1_112' title='bbox 206 1006 235 1047; x_wconf 85' lang='lat' dir='ltr'><strong>fi</strong></span> <span class='ocrx_word' id='word_1_113' title='bbox 260 1022 312 1047; x_wconf 81' lang='lat' dir='ltr'>ex</span> <span class='ocrx_word' id='word_1_114' title='bbox 327 1007 492 1047; x_wconf 81' lang='lat' dir='ltr'>castello</span> <span class='ocrx_word' id='word_1_115' title='bbox 512 1011 564 1048; x_wconf 87' lang='lat' dir='ltr'>ab</span> <span class='ocrx_word' id='word_1_116' title='bbox 583 1008 780 1048; x_wconf 77' lang='lat' dir='ltr'>Eleusine</span> <span class='ocrx_word' id='word_1_117' title='bbox 800 1009 847 1047; x_wconf 88' lang='lat' dir='ltr'>in</span> <span class='ocrx_word' id='word_1_118' title='bbox 867 1008 1121 1063; x_wconf 81' lang='lat' dir='ltr'>praedantes</span> <span class='ocrx_word' id='word_1_119' title='bbox 1144 1007 1235 1047; x_wconf 89' lang='lat' dir='ltr'>suos</span> <span class='ocrx_word' id='word_1_120' title='bbox 1256 1009 1441 1061; x_wconf 81' lang='lat' dir='ltr'>impetus</span> 
     </span>
     <span class='ocr_line' id='line_1_18' title="bbox 111 1064 1439 1119; baseline 0.002 -15"><span class='ocrx_word' id='word_1_121' title='bbox 111 1065 252 1115; x_wconf 80' lang='lat' dir='ltr'>fieret,</span> <span class='ocrx_word' id='word_1_122' title='bbox 294 1076 473 1119; x_wconf 86' lang='lat' dir='ltr'>repente</span> <span class='ocrx_word' id='word_1_123' title='bbox 502 1066 637 1106; x_wconf 86' lang='lat' dir='ltr'>hostes</span> <span class='ocrx_word' id='word_1_124' title='bbox 669 1064 820 1105; x_wconf 83' lang='lat' dir='ltr'>effusos</span> <span class='ocrx_word' id='word_1_125' title='bbox 850 1080 903 1105; x_wconf 83' lang='lat' dir='ltr'>ex</span> <span class='ocrx_word' id='word_1_126' title='bbox 925 1065 1156 1119; x_wconf 63' lang='lat' dir='ltr'>&gt;improviso</span> <span class='ocrx_word' id='word_1_127' title='bbox 1187 1065 1439 1106; x_wconf 83' lang='lat' dir='ltr'>adoriretur.</span> 
     </span>
     <span class='ocr_line' id='line_1_19' title="bbox 110 1121 1440 1177; baseline 0.001 -17"><span class='ocrx_word' id='word_1_128' title='bbox 110 1122 213 1164; x_wconf 88' lang='lat' dir='ltr'>Non</span> <span class='ocrx_word' id='word_1_129' title='bbox 232 1121 423 1162; x_wconf 81' lang='lat' dir='ltr'>fefellere</span> <span class='ocrx_word' id='word_1_130' title='bbox 440 1122 626 1162; x_wconf 79' lang='lat' dir='ltr'>insidiae.</span> <span class='ocrx_word' id='word_1_131' title='bbox 660 1124 797 1177; x_wconf 83' lang='lat' dir='ltr'>itaque</span> <span class='ocrx_word' id='word_1_132' title='bbox 817 1125 1032 1173; x_wconf 83' lang='lat' dir='ltr'>revocatis,</span> <span class='ocrx_word' id='word_1_133' title='bbox 1057 1123 1128 1177; x_wconf 89' lang='lat' dir='ltr'>qui</span> <span class='ocrx_word' id='word_1_134' title='bbox 1150 1123 1440 1163; x_wconf 84' lang='lat' dir='ltr'>discurrerant</span> 
     </span>
     <span class='ocr_line' id='line_1_20' title="bbox 109 1179 1438 1235; baseline 0.001 -17"><span class='ocrx_word' id='word_1_135' title='bbox 109 1179 162 1219; x_wconf 85' lang='lat' dir='ltr'>ad</span> <span class='ocrx_word' id='word_1_136' title='bbox 186 1180 491 1234; x_wconf 82' lang='lat' dir='ltr'>praedandum,</span> <span class='ocrx_word' id='word_1_137' title='bbox 521 1182 734 1230; x_wconf 78' lang='lat' dir='ltr'>militibus,</span> <span class='ocrx_word' id='word_1_138' title='bbox 764 1180 1082 1235; x_wconf 78' lang='lat' dir='ltr'>instructisque,</span> <span class='ocrx_word' id='word_1_139' title='bbox 1115 1180 1167 1219; x_wconf 90' lang='lat' dir='ltr'>ad</span> <span class='ocrx_word' id='word_1_140' title='bbox 1189 1194 1438 1234; x_wconf 83' lang='lat' dir='ltr'>oppugnan-</span> 
     </span>
     <span class='ocr_line' id='line_1_21' title="bbox 108 1237 1436 1291; baseline 0.002 -16"><span class='ocrx_word' id='word_1_141' title='bbox 108 1237 209 1276; x_wconf 81' lang='lat' dir='ltr'>dum</span> <span class='ocrx_word' id='word_1_142' title='bbox 243 1237 452 1277; x_wconf 84' lang='lat' dir='ltr'>castellum</span> <span class='ocrx_word' id='word_1_143' title='bbox 485 1238 724 1277; x_wconf 73' lang='lat' dir='ltr'>Eleusinem</span> <span class='ocrx_word' id='word_1_144' title='bbox 755 1237 990 1291; x_wconf 75' lang='lat' dir='ltr'>prosectus,</span> <span class='ocrx_word' id='word_1_145' title='bbox 1034 1253 1127 1276; x_wconf 87' lang='lat' dir='ltr'>cum</span> <span class='ocrx_word' id='word_1_146' title='bbox 1160 1239 1299 1278; x_wconf 89' lang='lat' dir='ltr'>multis</span> <span class='ocrx_word' id='word_1_147' title='bbox 1329 1237 1436 1278; x_wconf 80' lang='lat' dir='ltr'>inde</span> 
     </span>
     <span class='ocr_line' id='line_1_22' title="bbox 107 1294 1434 1350; baseline 0 -17"><span class='ocrx_word' id='word_1_148' title='bbox 107 1296 352 1335; x_wconf 86' lang='lat' dir='ltr'>vulneribus</span> <span class='ocrx_word' id='word_1_149' title='bbox 379 1294 563 1345; x_wconf 77' lang='lat' dir='ltr'>recessit,</span> <span class='ocrx_word' id='word_1_150' title='bbox 610 1296 882 1350; x_wconf 82' lang='lat' dir='ltr'>Philippoque</span> <span class='ocrx_word' id='word_1_151' title='bbox 903 1296 944 1335; x_wconf 87' lang='lat' dir='ltr'>se</span> <span class='ocrx_word' id='word_1_152' title='bbox 968 1296 1157 1336; x_wconf 89' lang='lat' dir='ltr'>venienti</span> <span class='ocrx_word' id='word_1_153' title='bbox 1191 1310 1242 1334; x_wconf 86' lang='lat' dir='ltr'>ex</span> <span class='ocrx_word' id='word_1_154' title='bbox 1272 1295 1434 1348; x_wconf 80' lang='lat' dir='ltr'>Achaja.</span> 
     </span>
     <span class='ocr_line' id='line_1_23' title="bbox 104 1352 1433 1408; baseline 0.001 -18"><span class='ocrx_word' id='word_1_155' title='bbox 104 1353 340 1405; x_wconf 86' lang='lat' dir='ltr'>conjunxit.</span> <span class='ocrx_word' id='word_1_156' title='bbox 401 1355 584 1393; x_wconf 76' lang='lat' dir='ltr'>Tentata</span> <span class='ocrx_word' id='word_1_157' title='bbox 605 1364 646 1393; x_wconf 87' lang='lat' dir='ltr'>et</span> <span class='ocrx_word' id='word_1_158' title='bbox 663 1352 820 1407; x_wconf 82' lang='lat' dir='ltr'>abipso</span> <span class='ocrx_word' id='word_1_159' title='bbox 848 1368 944 1408; x_wconf 84' lang='lat' dir='ltr'>rege</span> <span class='ocrx_word' id='word_1_160' title='bbox 973 1354 1229 1408; x_wconf 79' lang='lat' dir='ltr'>oppugnatio</span> <span class='ocrx_word' id='word_1_161' title='bbox 1249 1354 1337 1405; x_wconf 88' lang='lat' dir='ltr'>ejus</span> <span class='ocrx_word' id='word_1_162' title='bbox 1367 1367 1433 1391; x_wconf 82' lang='lat' dir='ltr'>ca-</span> 
     </span>
     <span class='ocr_line' id='line_1_24' title="bbox 102 1409 1434 1460; baseline 0.001 -12"><span class='ocrx_word' id='word_1_163' title='bbox 102 1409 209 1449; x_wconf 77' lang='lat' dir='ltr'>stelli</span> <span class='ocrx_word' id='word_1_164' title='bbox 227 1409 298 1450; x_wconf 85' lang='lat' dir='ltr'>est.</span> <span class='ocrx_word' id='word_1_165' title='bbox 329 1410 401 1450; x_wconf 89' lang='lat' dir='ltr'>secl</span> <span class='ocrx_word' id='word_1_166' title='bbox 416 1425 545 1451; x_wconf 81' lang='lat' dir='ltr'>naves</span> <span class='ocrx_word' id='word_1_167' title='bbox 558 1413 792 1460; x_wconf 84' lang='lat' dir='ltr'>Romanae,</span> <span class='ocrx_word' id='word_1_168' title='bbox 815 1425 838 1450; x_wconf 90' lang='lat' dir='ltr'>a</span> <span class='ocrx_word' id='word_1_169' title='bbox 858 1413 1025 1451; x_wconf 84' lang='lat' dir='ltr'>Piraeeo</span> <span class='ocrx_word' id='word_1_170' title='bbox 1044 1412 1278 1460; x_wconf 85' lang='lat' dir='ltr'>venientes,</span> <span class='ocrx_word' id='word_1_171' title='bbox 1300 1412 1434 1450; x_wconf 87' lang='lat' dir='ltr'>intro-</span> 
     </span>
     <span class='ocr_line' id='line_1_25' title="bbox 102 1459 1432 1523; baseline 0 -16"><span class='ocrx_word' id='word_1_172' title='bbox 102 1459 353 1522; x_wconf 66' lang='lat' dir='ltr'>missumque</span> <span class='ocrx_word' id='word_1_173' title='bbox 372 1467 636 1523; x_wconf 82' lang='lat' dir='ltr'>praefidium,</span> <span class='ocrx_word' id='word_1_174' title='bbox 660 1468 851 1508; x_wconf 76' lang='lat' dir='ltr'>absistere</span> <span class='ocrx_word' id='word_1_175' title='bbox 868 1470 1041 1523; x_wconf 87' lang='lat' dir='ltr'>incepto</span> <span class='ocrx_word' id='word_1_176' title='bbox 1059 1476 1299 1522; x_wconf 68' lang='lat' dir='ltr'>coegerunt.</span> <span class='ocrx_word' id='word_1_177' title='bbox 1353 1467 1432 1507; x_wconf 84' lang='lat' dir='ltr'>Di-</span> 
     </span>
     <span class='ocr_line' id='line_1_26' title="bbox 102 1524 1429 1580; baseline -0.001 -15"><span class='ocrx_word' id='word_1_178' title='bbox 102 1524 187 1565; x_wconf 79' lang='lat' dir='ltr'>viso</span> <span class='ocrx_word' id='word_1_179' title='bbox 209 1525 367 1565; x_wconf 85' lang='lat' dir='ltr'>deinde</span> <span class='ocrx_word' id='word_1_180' title='bbox 389 1527 609 1576; x_wconf 47' lang='lat' dir='ltr'>exercitus</span> <span class='ocrx_word' id='word_1_181' title='bbox 626 1539 704 1566; x_wconf 82' lang='lat' dir='ltr'>rex</span> <span class='ocrx_word' id='word_1_182' title='bbox 726 1541 822 1565; x_wconf 88' lang='lat' dir='ltr'>cum</span> <span class='ocrx_word' id='word_1_183' title='bbox 844 1538 963 1580; x_wconf 87' lang='lat' dir='ltr'>parte</span> <span class='ocrx_word' id='word_1_184' title='bbox 986 1527 1212 1566; x_wconf 87' lang='lat' dir='ltr'>Philoclem</span> <span class='ocrx_word' id='word_1_185' title='bbox 1234 1525 1429 1565; x_wconf 79' lang='lat' dir='ltr'>Athenas</span> 
     </span>
     <span class='ocr_line' id='line_1_27' title="bbox 102 1583 1429 1638; baseline 0 -17"><span class='ocrx_word' id='word_1_186' title='bbox 102 1583 250 1633; x_wconf 74' lang='lat' dir='ltr'>mittit,</span> <span class='ocrx_word' id='word_1_187' title='bbox 287 1597 382 1623; x_wconf 89' lang='lat' dir='ltr'>cum</span> <span class='ocrx_word' id='word_1_188' title='bbox 409 1595 527 1638; x_wconf 87' lang='lat' dir='ltr'>parte</span> <span class='ocrx_word' id='word_1_189' title='bbox 555 1584 642 1638; x_wconf 89' lang='lat' dir='ltr'>ipse</span> <span class='ocrx_word' id='word_1_190' title='bbox 671 1585 884 1624; x_wconf 86' lang='lat' dir='ltr'>Piraeeum</span> <span class='ocrx_word' id='word_1_191' title='bbox 915 1585 1067 1638; x_wconf 85' lang='lat' dir='ltr'>pergit:</span> <span class='ocrx_word' id='word_1_192' title='bbox 1107 1594 1171 1632; x_wconf 78' lang='lat' dir='ltr'>ut,</span> <span class='ocrx_word' id='word_1_193' title='bbox 1211 1598 1306 1622; x_wconf 87' lang='lat' dir='ltr'>cum</span> <span class='ocrx_word' id='word_1_194' title='bbox 1338 1583 1429 1622; x_wconf 84' lang='lat' dir='ltr'>Phi·</span> 
     </span>
     <span class='ocr_line' id='line_1_28' title="bbox 99 1640 1428 1694; baseline 0 -14"><span class='ocrx_word' id='word_1_195' title='bbox 99 1641 228 1681; x_wconf 85' lang='lat' dir='ltr'>locles</span> <span class='ocrx_word' id='word_1_196' title='bbox 259 1640 474 1681; x_wconf 85' lang='lat' dir='ltr'>subeundo</span> <span class='ocrx_word' id='word_1_197' title='bbox 501 1655 663 1691; x_wconf 85' lang='lat' dir='ltr'>muros,</span> <span class='ocrx_word' id='word_1_198' title='bbox 707 1653 748 1681; x_wconf 88' lang='lat' dir='ltr'>et</span> <span class='ocrx_word' id='word_1_199' title='bbox 778 1641 1081 1681; x_wconf 84' lang='lat' dir='ltr'>comminanda</span> <span class='ocrx_word' id='word_1_200' title='bbox 1111 1641 1428 1694; x_wconf 79' lang='lat' dir='ltr'>oppugnatione</span> 
     </span>
     <span class='ocr_line' id='line_1_29' title="bbox 99 1697 1426 1755; baseline -0.002 -17"><span class='ocrx_word' id='word_1_201' title='bbox 99 1699 341 1738; x_wconf 86' lang='lat' dir='ltr'>contineret</span> <span class='ocrx_word' id='word_1_202' title='bbox 367 1701 471 1739; x_wconf 90' lang='lat' dir='ltr'>urbe</span> <span class='ocrx_word' id='word_1_203' title='bbox 499 1697 805 1749; x_wconf 84' lang='lat' dir='ltr'>Athenienses,</span> <span class='ocrx_word' id='word_1_204' title='bbox 861 1700 938 1755; x_wconf 81' lang='lat' dir='ltr'>ipfi</span> <span class='ocrx_word' id='word_1_205' title='bbox 972 1701 1186 1739; x_wconf 86' lang='lat' dir='ltr'>Piraeeum</span> <span class='ocrx_word' id='word_1_206' title='bbox 1216 1699 1299 1738; x_wconf 88' lang='lat' dir='ltr'>levi</span> <span class='ocrx_word' id='word_1_207' title='bbox 1329 1712 1426 1736; x_wconf 89' lang='lat' dir='ltr'>cum</span> 
     </span>
     <span class='ocr_line' id='line_1_30' title="bbox 97 1755 1426 1811; baseline -0.001 -16"><span class='ocrx_word' id='word_1_208' title='bbox 97 1755 300 1811; x_wconf 86' lang='lat' dir='ltr'>praefidio</span> <span class='ocrx_word' id='word_1_209' title='bbox 328 1757 520 1797; x_wconf 89' lang='lat' dir='ltr'>relictum</span> <span class='ocrx_word' id='word_1_210' title='bbox 551 1757 825 1811; x_wconf 79' lang='lat' dir='ltr'>expugnandi</span> <span class='ocrx_word' id='word_1_211' title='bbox 854 1758 1028 1798; x_wconf 83' lang='lat' dir='ltr'>facultas</span> <span class='ocrx_word' id='word_1_212' title='bbox 1059 1756 1172 1796; x_wconf 86' lang='lat' dir='ltr'>esset.</span> <span class='ocrx_word' id='word_1_213' title='bbox 1231 1757 1426 1795; x_wconf 87' lang='lat' dir='ltr'>Ceterum</span> 
     </span>
     <span class='ocr_line' id='line_1_31' title="bbox 97 1812 1425 1868; baseline -0.001 -16"><span class='ocrx_word' id='word_1_214' title='bbox 97 1814 235 1853; x_wconf 87' lang='lat' dir='ltr'>nihilo</span> <span class='ocrx_word' id='word_1_215' title='bbox 266 1813 308 1854; x_wconf 63' lang='lat' dir='ltr'>ei&#39;</span> <span class='ocrx_word' id='word_1_216' title='bbox 326 1815 504 1864; x_wconf 88' lang='lat' dir='ltr'>Piraeei,</span> <span class='ocrx_word' id='word_1_217' title='bbox 536 1829 658 1868; x_wconf 86' lang='lat' dir='ltr'>quam</span> <span class='ocrx_word' id='word_1_218' title='bbox 681 1815 910 1866; x_wconf 78' lang='lat' dir='ltr'>Eleusinis,</span> <span class='ocrx_word' id='word_1_219' title='bbox 944 1814 1130 1864; x_wconf 84' lang='lat' dir='ltr'>facilior,</span> <span class='ocrx_word' id='word_1_220' title='bbox 1161 1812 1309 1853; x_wconf 87' lang='lat' dir='ltr'>iisdem</span> <span class='ocrx_word' id='word_1_221' title='bbox 1331 1812 1425 1852; x_wconf 82' lang='lat' dir='ltr'>fere</span> 
     </span>
     <span class='ocr_line' id='line_1_32' title="bbox 98 1870 1424 1927; baseline 0 -17"><span class='ocrx_word' id='word_1_222' title='bbox 98 1870 441 1922; x_wconf 82' lang='lat' dir='ltr'>defendentibus,</span> <span class='ocrx_word' id='word_1_223' title='bbox 472 1873 726 1927; x_wconf 84' lang='lat' dir='ltr'>oppugnatio</span> <span class='ocrx_word' id='word_1_224' title='bbox 747 1871 839 1915; x_wconf 74' lang='lat' dir='ltr'>fuit.</span> <span class='ocrx_word' id='word_1_225' title='bbox 895 1873 935 1913; x_wconf 85' lang='lat' dir='ltr'>A</span> <span class='ocrx_word' id='word_1_226' title='bbox 957 1875 1127 1912; x_wconf 84' lang='lat' dir='ltr'>Piraeeo</span> <span class='ocrx_word' id='word_1_227' title='bbox 1149 1871 1341 1910; x_wconf 87' lang='lat' dir='ltr'>Athenas</span> <span class='ocrx_word' id='word_1_228' title='bbox 1360 1884 1424 1910; x_wconf 85' lang='lat' dir='ltr'>re·</span> 
     </span>
     <span class='ocr_line' id='line_1_33' title="bbox 96 1929 1422 1985; baseline -0.001 -18"><span class='ocrx_word' id='word_1_229' title='bbox 96 1940 226 1983; x_wconf 83' lang='lat' dir='ltr'>pente</span> <span class='ocrx_word' id='word_1_230' title='bbox 244 1929 374 1968; x_wconf 84' lang='lat' dir='ltr'>duxit.</span> <span class='ocrx_word' id='word_1_231' title='bbox 407 1929 512 1969; x_wconf 87' lang='lat' dir='ltr'>inde</span> <span class='ocrx_word' id='word_1_232' title='bbox 534 1931 757 1984; x_wconf 85' lang='lat' dir='ltr'>eruptione</span> <span class='ocrx_word' id='word_1_233' title='bbox 777 1930 908 1971; x_wconf 88' lang='lat' dir='ltr'>subita</span> <span class='ocrx_word' id='word_1_234' title='bbox 936 1930 1127 1985; x_wconf 86' lang='lat' dir='ltr'>peditum</span> <span class='ocrx_word' id='word_1_235' title='bbox 1152 1930 1422 1981; x_wconf 83' lang='lat' dir='ltr'>equitumque</span> 
     </span>
     <span class='ocr_line' id='line_1_34' title="bbox 94 1986 1421 2042; baseline -0.002 -16"><span class='ocrx_word' id='word_1_236' title='bbox 94 1987 209 2026; x_wconf 82' lang='lat' dir='ltr'>inter</span> <span class='ocrx_word' id='word_1_237' title='bbox 239 1986 444 2040; x_wconf 79' lang='lat' dir='ltr'>angustias</span> <span class='ocrx_word' id='word_1_238' title='bbox 472 1987 660 2027; x_wconf 82' lang='lat' dir='ltr'>semiruti</span> <span class='ocrx_word' id='word_1_239' title='bbox 688 1989 822 2038; x_wconf 83' lang='lat' dir='ltr'>muri,</span> <span class='ocrx_word' id='word_1_240' title='bbox 857 1989 927 2042; x_wconf 88' lang='lat' dir='ltr'>qui</span> <span class='ocrx_word' id='word_1_241' title='bbox 960 1987 1137 2027; x_wconf 86' lang='lat' dir='ltr'>brachiis</span> <span class='ocrx_word' id='word_1_242' title='bbox 1168 1987 1328 2025; x_wconf 87' lang='lat' dir='ltr'>duobus</span> <span class='ocrx_word' id='word_1_243' title='bbox 1362 1986 1421 2024; x_wconf 85' lang='lat' dir='ltr'>Pi-</span> 
     </span>
     <span class='ocr_line' id='line_1_35' title="bbox 96 2043 1419 2101; baseline -0.001 -19"><span class='ocrx_word' id='word_1_244' title='bbox 96 2057 267 2083; x_wconf 86' lang='lat' dir='ltr'>raeeum</span> <span class='ocrx_word' id='word_1_245' title='bbox 284 2043 467 2084; x_wconf 87' lang='lat' dir='ltr'>Athenis</span> <span class='ocrx_word' id='word_1_246' title='bbox 492 2045 650 2100; x_wconf 84' lang='lat' dir='ltr'>jungit,</span> <span class='ocrx_word' id='word_1_247' title='bbox 683 2046 896 2101; x_wconf 84' lang='lat' dir='ltr'>repulsus;</span> <span class='ocrx_word' id='word_1_248' title='bbox 935 2045 1080 2084; x_wconf 79' lang='lat' dir='ltr'>omissa</span> <span class='ocrx_word' id='word_1_249' title='bbox 1102 2044 1419 2098; x_wconf 84' lang='lat' dir='ltr'>oppugnatione</span> 
     </span>
     <span class='ocr_line' id='line_1_36' title="bbox 91 2099 1419 2152; baseline -0.001 -12"><span class='ocrx_word' id='word_1_250' title='bbox 91 2102 234 2152; x_wconf 87' lang='lat' dir='ltr'>urbis,</span> <span class='ocrx_word' id='word_1_251' title='bbox 262 2100 395 2148; x_wconf 18' lang='lat' dir='ltr'>,diviso</span> <span class='ocrx_word' id='word_1_252' title='bbox 417 2116 511 2141; x_wconf 86' lang='lat' dir='ltr'>cum</span> <span class='ocrx_word' id='word_1_253' title='bbox 535 2103 717 2142; x_wconf 87' lang='lat' dir='ltr'>Philocle</span> <span class='ocrx_word' id='word_1_254' title='bbox 736 2103 876 2143; x_wconf 87' lang='lat' dir='ltr'>rursus</span> <span class='ocrx_word' id='word_1_255' title='bbox 895 2104 1093 2151; x_wconf 84' lang='lat' dir='ltr'>exercitu,</span> <span class='ocrx_word' id='word_1_256' title='bbox 1124 2099 1177 2140; x_wconf 84' lang='lat' dir='ltr'>ad</span> <span class='ocrx_word' id='word_1_257' title='bbox 1197 2099 1419 2141; x_wconf 74' lang='lat' dir='ltr'>vastandos</span> 
     </span>
     <span class='ocr_line' id='line_1_37' title="bbox 94 2158 1417 2215; baseline 0 -18"><span class='ocrx_word' id='word_1_258' title='bbox 94 2172 214 2212; x_wconf 88' lang='lat' dir='ltr'>agros</span> <span class='ocrx_word' id='word_1_259' title='bbox 240 2158 475 2213; x_wconf 80' lang='lat' dir='ltr'>profectus,</span> <span class='ocrx_word' id='word_1_260' title='bbox 525 2174 620 2199; x_wconf 90' lang='lat' dir='ltr'>cum</span> <span class='ocrx_word' id='word_1_261' title='bbox 650 2162 836 2215; x_wconf 84' lang='lat' dir='ltr'>priorem</span> <span class='ocrx_word' id='word_1_262' title='bbox 870 2161 1185 2215; x_wconf 83' lang='lat' dir='ltr'>populationem</span> <span class='ocrx_word' id='word_1_263' title='bbox 1216 2158 1417 2212; x_wconf 85' lang='lat' dir='ltr'>sepulcris</span> 
     </span>
     <span class='ocr_line' id='line_1_38' title="bbox 94 2215 1417 2270; baseline -0.001 -15"><span class='ocrx_word' id='word_1_264' title='bbox 94 2218 205 2256; x_wconf 84' lang='lat' dir='ltr'>circa</span> <span class='ocrx_word' id='word_1_265' title='bbox 221 2219 370 2261; x_wconf 79' lang='lat' dir='ltr'>urbem</span> <span class='ocrx_word' id='word_1_266' title='bbox 398 2216 618 2257; x_wconf 83' lang='lat' dir='ltr'>diruendis</span> <span class='ocrx_word' id='word_1_267' title='bbox 644 2218 934 2268; x_wconf 44' lang='lat' dir='ltr'>exercuissets</span> <span class='ocrx_word' id='word_1_268' title='bbox 952 2232 1009 2256; x_wconf 90' lang='lat' dir='ltr'>ne</span> <span class='ocrx_word' id='word_1_269' title='bbox 1039 2216 1138 2270; x_wconf 89' lang='lat' dir='ltr'>quid</span> <span class='ocrx_word' id='word_1_270' title='bbox 1168 2215 1417 2256; x_wconf 79' lang='lat' dir='ltr'>inviolatum</span> 
     </span>
     <span class='ocr_line' id='line_1_39' title="bbox 92 2272 1414 2330; baseline -0.001 -18"><span class='ocrx_word' id='word_1_271' title='bbox 92 2274 375 2329; x_wconf 81' lang='lat' dir='ltr'>relinqueret,</span> <span class='ocrx_word' id='word_1_272' title='bbox 404 2277 560 2330; x_wconf 87' lang='lat' dir='ltr'>templa</span> <span class='ocrx_word' id='word_1_273' title='bbox 578 2274 746 2326; x_wconf 72' lang='lat' dir='ltr'>Deum,</span> <span class='ocrx_word' id='word_1_274' title='bbox 777 2290 881 2330; x_wconf 88' lang='lat' dir='ltr'>quae</span> <span class='ocrx_word' id='word_1_275' title='bbox 903 2276 1082 2330; x_wconf 85' lang='lat' dir='ltr'>pagatim</span> <span class='ocrx_word' id='word_1_276' title='bbox 1111 2273 1266 2313; x_wconf 78' lang='lat' dir='ltr'>sacrata</span> <span class='ocrx_word' id='word_1_277' title='bbox 1290 2272 1414 2311; x_wconf 83' lang='lat' dir='ltr'>habe-</span> 
     </span>
     <span class='ocr_line' id='line_1_40' title="bbox 96 2331 1414 2388; baseline -0.001 -19"><span class='ocrx_word' id='word_1_278' title='bbox 96 2333 218 2381; x_wconf 83' lang='lat' dir='ltr'>bant,</span> <span class='ocrx_word' id='word_1_279' title='bbox 258 2331 369 2372; x_wconf 87' lang='lat' dir='ltr'>dirui</span> <span class='ocrx_word' id='word_1_280' title='bbox 398 2334 721 2387; x_wconf 83' lang='lat' dir='ltr'>atqueincendi</span> <span class='ocrx_word' id='word_1_281' title='bbox 749 2333 869 2388; x_wconf 82' lang='lat' dir='ltr'>juffit.</span> <span class='ocrx_word' id='word_1_282' title='bbox 930 2334 1143 2372; x_wconf 81' lang='lat' dir='ltr'>Exornata</span> <span class='ocrx_word' id='word_1_283' title='bbox 1173 2345 1222 2370; x_wconf 91' lang='lat' dir='ltr'>eo</span> <span class='ocrx_word' id='word_1_284' title='bbox 1254 2344 1414 2383; x_wconf 84' lang='lat' dir='ltr'>genere</span> 
     </span>
     <span class='ocr_line' id='line_1_41' title="bbox 95 2388 1413 2445; baseline -0.002 -18"><span class='ocrx_word' id='word_1_285' title='bbox 95 2402 271 2440; x_wconf 84' lang='lat' dir='ltr'>operum</span> <span class='ocrx_word' id='word_1_286' title='bbox 293 2391 445 2429; x_wconf 84' lang='lat' dir='ltr'>eximie</span> <span class='ocrx_word' id='word_1_287' title='bbox 462 2401 575 2429; x_wconf 84' lang='lat' dir='ltr'>terra</span> <span class='ocrx_word' id='word_1_288' title='bbox 593 2390 754 2440; x_wconf 88' lang='lat' dir='ltr'>Attica,</span> <span class='ocrx_word' id='word_1_289' title='bbox 790 2402 831 2432; x_wconf 86' lang='lat' dir='ltr'>et</span> <span class='ocrx_word' id='word_1_290' title='bbox 860 2392 978 2445; x_wconf 88' lang='lat' dir='ltr'>copia</span> <span class='ocrx_word' id='word_1_291' title='bbox 1004 2388 1217 2430; x_wconf 82' lang='lat' dir='ltr'>domestici</span> <span class='ocrx_word' id='word_1_292' title='bbox 1236 2393 1413 2426; x_wconf 84' lang='lat' dir='ltr'>marmo-</span> 
     </span>
     <span class='ocr_line' id='line_1_42' title="bbox 95 2445 1413 2503; baseline 0.002 -20"><span class='ocrx_word' id='word_1_293' title='bbox 95 2445 166 2497; x_wconf 84' lang='lat' dir='ltr'>ris,</span> <span class='ocrx_word' id='word_1_294' title='bbox 190 2457 230 2486; x_wconf 82' lang='lat' dir='ltr'>et</span> <span class='ocrx_word' id='word_1_295' title='bbox 248 2447 434 2500; x_wconf 82' lang='lat' dir='ltr'>ingeniis</span> <span class='ocrx_word' id='word_1_296' title='bbox 453 2448 672 2500; x_wconf 84' lang='lat' dir='ltr'>artificum,</span> <span class='ocrx_word' id='word_1_297' title='bbox 693 2449 887 2503; x_wconf 74' lang='lat' dir='ltr'>praebuit</span> <span class='ocrx_word' id='word_1_298' title='bbox 907 2447 1157 2499; x_wconf 79' lang='lat' dir='ltr'>huicfurori</span> <span class='ocrx_word' id='word_1_299' title='bbox 1179 2446 1413 2485; x_wconf 77' lang='lat' dir='ltr'>materiam.</span> 
     </span>
    </p>
   </div>
   <div class='ocr_carea' id='block_1_5' title="bbox 776 2507 1412 2558">
    <p class='ocr_par' dir='ltr' id='par_1_5' title="bbox 776 2507 1412 2558">
     <span class='ocr_line' id='line_1_43' title="bbox 776 2507 1412 2558; baseline -0.002 -16"><span class='ocrx_word' id='word_1_300' title='bbox 776 2507 811 2546; x_wconf 90' lang='lat' dir='ltr'><strong>B</strong></span> <span class='ocrx_word' id='word_1_301' title='bbox 839 2507 870 2558; x_wconf 73' lang='grc'>4</span> <span class='ocrx_word' id='word_1_302' title='bbox 1339 2516 1412 2542; x_wconf 82' lang='lat' dir='ltr'>ne-</span> 
     </span>
    </p>
   </div>
  </div>
 </body>
</html>
