1548 2703
177 138 180 139 γ
327 80 577 121 LIBER
618 80 761 118 XLIV.
823 80 935 117 CA‘P.
961 79 1034 130 lv,
1056 80 1105 117 V.
1297 81 1376 129 59¹

55 134 881 194 —U—TJWZJ-——ae—-a
908 150 950 186 C.
975 147 1027 185 N.
1059 148 1150 210 15⁸9.
1312 176 1327 187 s

57 246 162 286 quae
184 231 372 284 prudens
394 228 610 268 interdum
633 229 676 264 in
707 227 816 264 exitu
840 225 909 271 est,
931 227 1153 278 corrigere.
1195 229 1381 264 Ventum

53 289 224 344 quidem
248 297 338 325 erat
359 300 428 334 eo,
460 295 528 332 ut,
560 284 588 322 si
611 283 768 322 hostem
793 282 965 321 similem
989 284 1168 335 antiquis
1189 282 1382 322 Macedo-

55 361 161 386 num
194 346 359 397 regibus
394 341 598 381 habuisset
625 340 792 389 consul,
825 354 977 393 magna
1004 339 1141 378 clades
1161 338 1294 393 accipi
1311 342 1381 394 po'·

31 405 195 443 ⁷·tuerit.
254 401 324 440 sed
342 430 354 450 ,
382 415 476 439 cum
497 398 548 437 ad
576 398 706 437 Dium
727 413 805 451 per
823 398 946 436 litora
967 411 1060 435 cum
1092 398 1296 450 equitibus
1316 411 1382 438 va-

57 471 226 516 garetur
246 471 344 506 rex,
385 468 424 495 et
447 458 497 495 ab
526 455 746 495 duodecim
780 456 963 493 millibus
994 468 1126 508 prope
1156 456 1384 494 clamorem

55 529 100 558 et
120 518 334 570 strepitum
359 515 638 568 pugnantium
664 514 848 561 audiret,
880 527 962 551 nec
983 513 1096 551 auxit
1116 513 1254 566 copias
1274 514 1382 552 inte-

59 579 157 630 gr'os
183 572 294 613 fe'sfis
311 568 627 619 submittendo,
673 585 814 625 neque
853 570 961 624 ipse,
1015 569 1125 623 quod
1153 571 1382 623 plurimum
1442 597 1445 600 s

58 635 288 678 intererat,
320 630 541 669 certamini
572 629 727 669 adfuitz
764 643 860 668 cum
891 630 1109 667 Romanus
1138 628 1382 681 imperator,

57 686 192 743 rnajor
221 688 433 741 sexaginta
464 688 610 736 annis,
660 697 699 726 e't
725 686 963 741 praegravis
990 699 1188 740 corpore,
1237 687 1383 725 omnia

58 747 257 787 militaria
276 759 455 784 munera
476 744 560 798 ipse
572 746 750 798 impigre
764 746 908 782 obiret.
941 743 1116 797 Egregie
1128 742 1383 782 adultimum

53 806 109 846 ‘in
142 804 340 842 audacter
370 802 585 841 commisso
610 801 911 856 perseveravit:
944 811 1006 850 et,
1033 801 1207 854 Popillio
1236 802 1382 840 relicto

58 864 108 903 in
127 860 310 900 custodia
330 861 433 913 jugi,
461 874 538 914 per
554 860 671 898 invia
692 857 991 912 transgressus,
1026 857 1278 912 praemissis,
1311 860 1383 912 qui

59 928 339 974 repurgarent
358 919 450 966 iter,
478 917 663 956 Attalum
688 927 727 955 et
744 916 1023 969 Misagenem,
1055 930 1151 954 cum
1174 915 1266 954 suae
1285 930 1393 969 gen-³

60 979 111 1016 'tis
131 987 355 1028 utrumque
377 976 669 1024 auxiliaribus,
696 974 900 1025 praesidio
924 973 1006 1012 esse
1026 972 1169 1012 saltum
1192 974 1383 1027 aperie‘n-

61 1035 169 1074 tibus
188 1034 313 1087 jubet.
370 1032 479 1085 ipse,
513 1035 668 1085 equites
700 1030 1089 1085 impedimentaque
1116 1045 1216 1085 prae
1243 1031 1283 1071 se
1313 1032 1384 1070 ha-

60 1094 192 1141 bens,
222 1105 316 1129 cum
334 1091 568 1144 legionibus
588 1104 740 1145 agmen
768 1091 885 1144 cogit.
940 1088 943 1089 ⁷

64 1249 65 1253 Ἰ
176 1208 228 1248 V.
287 1205 594 1245 inenarrabilis
625 1206 744 1245 labor
765 1203 1116 1250 descendentibus
1138 1219 1231 1244 cum
1259 1203 1386 1243 ruina

62 1266 347 1320 jumentorum
368 1263 731 1316 sarcinarumque:
771 1262 988 1317 progressis
1016 1262 1186 1302 vixdum
1209 1274 1385 1315 quatuor

63 1323 196 1369 millia
226 1321 413 1375 passuum
444 1321 553 1360 nihil
584 1322 804 1376 optabilius
830 1320 934 1368 esse,
966 1327 1086 1373 quam
1111 1320 1271 1369 redire,
1304 1334 1386 1373 qua

63 1390 286 1426 vener—ant,
320 1379 349 1417 fi
369 1378 547 1432 possent.
609 1378 808 1418 Hostilem
832 1378 962 1432 prope
982 1380 1203 1417 tumultum
1227 1379 1385 1431 agmini

63 1436 279 1492 elephanti
301 1438 583 1490 praebebautz
612 1438 702 1490 qui,
734 1437 804 1475 ubi
827 1436 879 1475 ad
907 1436 1024 1474 invia
1055 1435 1387 1484 venerant,⁷de-

62 1496 180 1550 jectis
202 1495 444 1543 rectoribus,
473 1509 567 1533 cum
591 1493 808 1533 horrendo
828 1493 1002 1532 stridore
1023 1508 1218 1548 pavorem
1240 1495 1387 1547 ingen-

63 1560 148 1591 tem
165 1581 175 1600 ,
208 1552 321 1603 equis
341 1553 537 1601 maxime,
569 1554 857 1600 incutiebant,
886 1551 1022 1592 donec
1045 1551 1294 1590 traducendi
1317 1565 1387 1590 eos

64 1611 172 1649 ratio
194 1609 298 1647 inita
323 1609 391 1648 est.
453 1612 529 1649 Per
551 1611 761 1662 proclive,
792 1608 923 1647 sumto
945 1608 1123 1663 fastigio,
1163 1610 1279 1663 longi
1304 1609 1386 1648 duo

67 1665 196 1708 'validi
221 1665 370 1706 asseres
406 1681 458 1706 ex
487 1666 690 1706 inferiore
719 1677 835 1720 parte
864 1668 912 1705 in
943 1677 1057 1706 terra
1085 1666 1387 1720 defigebantur,

67 1724 265 1775 distantes
286 1725 401 1762 inter
430 1724 471 1763 se
491 1727 614 1778 paulo
633 1727 723 1779 plus
738 1754 749 1773 ,
786 1734 907 1780 quam
930 1735 1086 1777 quanta
1117 1727 1276 1763 belluae
1299 1726 1390 1762 lati-

66 1781 167 1823 tudo
189 1781 258 1820 est.
299 1783 349 1820 in
381 1796 450 1821 eos
470 1782 694 1822 transversi
714 1784 1006 1821 incumbentes
1035 1782 1166 1835 tigni,
1199 1781 1252 1820 ad
1269 1784 1391 1820 trice-

67 1853 146 1879 nos
171 1839 286 1892 longi
304 1839 453 1892 pedes,
484 1851 528 1880 ut
547 1854 655 1894 pons
685 1840 805 1887 esset,
836 1841 1190 1893 injungebantur:
1221 1840 1391 1878 humus-

68 1911 149 1950 que
165 1895 337 1949 insuper
359 1898 635 1950 injiciebatur.
665 1897 830 1936 modico
852 1898 1009 1936 deinde
1027 1896 1142 1936 infra
1163 1897 1404 1936 intervallo¹

67 1955 212 1994 similis
229 1955 333 1993 alter
351 1968 478 2007 pons:
511 1953 612 2007 dein
632 1957 790 2005 tertius,
823 1966 862 1994 et
881 1956 1026 2007 plures.
1043 1969 1095 1994 ex
1117 1955 1282 2003 ordine,
1311 1967 1393 2007 qua

68 2023 196 2065 rupes
217 2010 390 2051 abscisae
413 2010 548 2062 erant,
573 2013 740 2052 fiebant.
789 2012 926 2052 Solido
946 2012 1200 2067 procedebat
1222 2013 1392 2066 elephas

67 2070 116 2109 in
144 2080 340 2123 pontem:
382 2071 497 2123 cujus
527 2073 766 2125 priusquam
797 2071 844 2109 in
871 2081 1104 2109 extremum
1130 2070 1394 2123 procederet,

69 2127 228 2171 succisis
248 2125 446 2167 asseribus
465 2128 664 2183 collapsus
691 2142 825 2182 pons,
866 2140 995 2182 usque
1024 2130 1191 2167 alterius
1222 2128 1395 2166 initium

69 2181 235 2238 pontis,
266 2186 431 2238 prolabi
452 2199 543 2225 eum
567 2187 720 2225 leniter
744 2188 926 2240 cogebat.
988 2187 1059 2224 alii
1088 2185 1304 2239 elephanti
1324 2199 1394 2238 pes

71 2239 192 2280 dibus
211 2242 447 2284 insistentes
461 2271 473 2292 ,
506 2245 575 2282 alii
597 2242 789 2283 clunibus
810 2242 1089 2291 subsidentes,
1118 2245 1398 2297 prolabebane

26 2310 29 2312 ·
73 2308 152 2337 tur.
212 2299 284 2338 ubi
313 2301 510 2353 planities
540 2303 670 2341 altera
702 2302 842 2354 pontis
874 2300 1098 2353 excepisset
1122 2314 1214 2348 eos,
1254 2299 1398 2339 rursus

72 2353 195 2395 fimili
219 2358 346 2396 ruina
379 2357 596 2398 inferioris
625 2360 767 2413 pontis
800 2357 1123 2408 deferebantur,
1175 2357 1311 2396 donec
1340 2353 1396 2395 ad

72 2414 313 2466 aequiorem
348 2417 498 2454 vallem
530 2426 781 2470 perventum
821 2416 890 2456 est.
950 2417 1074 2455 Paulo
1112 2417 1204 2470 plus
1235 2415 1395 2468 septem

71 2471 204 2511 millia
223 2471 292 2512 die
322 2473 510 2514 Romani
533 2473 843 2528 processeruntz
872 2474 1099 2513 minimum
1124 2472 1301 2527 pedibus
1331 2471 1396 2511 itis

1275 2528 1395 2570 neri&

139 2602 158 2622 ’Χ
