1548 2703
255 44 287 82 L
318 43 340 81 1
367 42 402 81 Β
432 41 468 81 E
497 31 539 81 R
582 41 771 80 xxxvt
842 41 954 81 cn.
978 39 1085 80 XIX.
1108 40 1193 94 xx.
1307 40 1387 91 241

57 96 881 157 δ”-πή.
911 112 958 149 Ν.
989 123 1081 163 ¹9¹·

18 232 20 235 .
55 193 208 249 phanti
227 190 440 230 novissimi
473 189 650 244 agminis
674 201 822 239 erant,
852 201 955 242 quos
974 187 1103 241 pedes
1127 202 1248 242 aegre
1268 202 1388 242 prae-

55 251 206 298 terire,
239 261 364 301 eques
386 249 505 286 nullo
523 256 687 301 poterat
707 247 832 286 modo
846 277 857 293 ,
891 247 1137 285 timentibus
1161 246 1298 299 equis,
1325 256 1387 285 tu-

52 308 317 358 multumque
343 306 459 343 inter
481 303 522 343 se
544 304 772 357 majorem,
803 318 926 357 quam
945 300 993 341 in
1016 298 1190 355 proelio,
1223 302 1386 342 edenti-

53 365 145 405 bus.
206 364 480 416 Aliquantum
502 363 703 414 temporis
725 372 765 401 et
787 361 967 414 direptio
989 359 1214 398 castrorum
1233 360 1385 399 tenuit.

52 420 298 474 Scarphiam
326 430 468 458 tamen
491 432 540 457 eo
562 417 631 462 die
653 419 859 472 persecuti
888 418 983 456 sunt
1011 416 1180 456 hostem.
1241 417 1385 456 Multis

52 479 104 519 in
122 477 209 532 ipso
230 477 385 516 itinere
409 474 531 514 caelis
551 477 764 529 captisque
778 505 790 523 ,
830 489 923 514 non
945 475 1060 528 equis
1090 475 1272 527 virisque
1294 485 1383 513 tan·

52 546 167 584 tum,
197 533 268 573 sed
287 534 408 572 etiam
438 532 698 586 elephantis,
731 546 830 586 quos
861 546 1011 585 capere
1032 545 1125 569 non
1143 540 1383 584 potuerant,

51 590 309 640 interfectis,
350 591 398 629 in
429 588 559 629 castra
589 600 882 638 reverterunt3
913 602 1017 641 quae
1036 598 1205 626 ⁴tentata
1233 602 1282 626 eo
1314 587 1386 627 die

52 649 170 690 iuter
192 647 326 701 ipsum
348 659 515 700 pugnae
535 657 698 700 tempus
723 650 775 685 ab
797 647 977 694 Aetolis,
1011 646 1258 684 Heracleam
1281 645 1386 683 obti-

51 706 254 746 :uentibus
275 703 491 758 praesidio,
511 703 599 742 fine
621 704 706 742 ullo
725 703 838 742 haud
861 717 1010 756 parum
1037 703 1202 742 audacis
1223 701 1385 755 incepti

52 761 232 810 effectu,
262 760 446 800 fuerant.
507 759 684 810 Consul,
725 762 861 799 noctis
892 760 1152 811 insequentis
1178 760 1300 799 tertia
1326 760 1384 799 vi-

49 820 150 873 gilia
167 817 391 874 praemisso
411 818 594 871 equitatu
614 817 666 855 ad
691 817 1028 871 persequendum
1054 816 1210 855 hostem
1225 847 1237 866 ,
1269 816 1385 869 ligna.

49 877 267 934 legionum
288 877 425 929 prima
444 877 537 914 luce
557 875 702 914 movit.
756 874 1033 927 Aliquantum
1050 875 1140 913 viae
1161 885 1388 927 praecep&

48 943 115 972 rat
136 946 237 982 rex3
268 943 312 972 ut
335 934 407 987 qui
426 946 520 971 non
540 943 664 981 ante,
692 947 817 986 quam
837 933 1021 980 Elatiae,
1050 934 1101 970 ab
1131 930 1262 969 effuso
1285 943 1384 970 con·

46 989 197 1030 stiterit
214 989 359 1029 cursu:
391 991 462 1029 ubi
493 992 678 1044 primum
700 991 887 1043 reliquiis
916 1003 1167 1043 pugnaeque
1199 999 1240 1027 et
1260 987 1384 1042 fugae

46 1048 254 1097 collectis,
313 1062 412 1087 cum
439 1048 667 1102 perexigua
707 1061 836 1086 manu
877 1047 1160 1086 semiermium
1201 1046 1384 1085 militum

49 1105 293 1145 Chalcidem
333 1104 374 1144 se
407 1105 582 1159 recepit.
641 1105 860 1144 Romanus
893 1106 1094 1158 equitatus
1120 1103 1255 1157 ipsum
1296 1103 1385 1156 qui-

48 1161 148 1202 dem
170 1175 311 1216 regem
334 1163 494 1201 Elatiae
515 1161 715 1201 assecutus
735 1176 826 1200 non
846 1161 926 1211 est,
967 1161 1038 1200 sed
1067 1174 1263 1214 magnam
1290 1173 1385 1215 par-

46 1230 132 1260 tem
153 1219 358 1274 agminis,
389 1230 458 1257 aut
478 1218 716 1257 laffitudine
736 1219 1012 1267 subsistentis,
1040 1230 1109 1257 aut
1136 1232 1306 1267 errore,
1337 1228 1384 1256 ut

47 1276 226 1330 quisine
260 1276 431 1316 ducibus
459 1290 538 1329 per
558 1277 700 1328 ignota
729 1277 885 1315 itinera
915 1275 1134 1330 fugerent,
1171 1275 1384 1329 dissipatos

46 1333 354 1388 oppresserunt.
414 1347 497 1371 nec
520 1344 686 1386 praeter
707 1335 981 1387 quingentos,
1014 1334 1084 1386 qui
1104 1333 1215 1372 circa
1237 1345 1384 1386 regem

44 1390 269 1444 fugemnt,
311 1404 364 1430 ex
391 1401 476 1429 toto
506 1392 692 1429 exercitu
721 1392 940 1444 quisquam
969 1390 1134 1445 effugit:
1176 1391 1300 1430 etiam
1329 1404 1383 1429 ex

44 1447 191 1488 decem
221 1448 406 1488 millibus
437 1449 643 1497 militum,
677 1463 801 1500 quos,
838 1449 1008 1501 Polybio
1029 1459 1218 1497 auctore,
1258 1447 1383 1498 traje-

44 1504 142 1545 cisse
159 1504 301 1544 secum
322 1520 464 1560 regem
492 1506 541 1544 in
561 1507 783 1544 Graeciam
816 1505 1070 1560 scripfimus,
1111 1507 1282 1559 exiguus
1306 1518 1383 1543 nu-

46 1576 197 1602 merus.
255 1562 355 1615 quid
393 1562 422 1601 si
450 1562 615 1602 Antiati
646 1564 815 1603 Valerio
857 1563 1077 1603 credamus
1092 1593 1103 1612 ‚
1163 1561 1382 1616 sexaginta

45 1620 176 1661 millia
195 1620 375 1658 militum
397 1619 517 1659 fuisse
540 1622 587 1659 in
610 1621 723 1673 regio
746 1624 928 1661 exercitu
951 1621 1168 1669 scribenti,
1200 1619 1384 1673 quadra·

45 1678 164 1731 ginta
182 1676 286 1716 inde
307 1678 438 1716 millia
460 1676 678 1725 cecidisse,
719 1677 844 1733 supra
876 1680 1064 1732 quinque
1094 1678 1227 1716 millia
1260 1688 1382 1731 capta

44 1749 140 1773 etun
171 1733 294 1787 signis
326 1736 576 1774 militaribus
601 1734 800 1776 ducentis
834 1736 1034 1790 triginta?
1082 1734 1382 1774 Romanorum

45 1802 216 1831 centum
240 1793 543 1845 quinquaginta
563 1793 611 1831 in
630 1791 717 1845 ipso
746 1796 979 1834 certamine
1000 1806 1165 1847 pugnae
1179 1823 1189 1841 ,
1234 1794 1285 1831 ab
1316 1792 1381 1831 in-

44 1848 164 1888 cursu
183 1848 428 1889 Aetolorum
452 1849 494 1889 se
513 1860 678 1889 tuentes
698 1864 792 1892 non
812 1854 906 1907 plus
919 1851 1227 1907 quinquaginta
1246 1852 1378 1889 inter-

43 1906 143 1946 fecti
161 1905 270 1945 sunt.

157 2020 241 2061 XX.
304 2019 485 2060 Consule
506 2035 584 2075 per
607 2021 831 2062 Phocidem
854 2033 894 2063 et
905 2022 1121 2063 Boeotiam
1144 2022 1379 2062 exercitum

10 2097 17 2100 ·
43 2079 250 2127 ducente,
284 2079 476 2118 consciae
502 2079 752 2119 defectionis
784 2081 968 2121 civitates
998 2095 1093 2121 cum
1124 2080 1378 2120 velamentis

45 2147 150 2177 ante
166 2147 309 2189 portas
330 2135 509 2185 stabant,
541 2148 653 2176 metu
676 2151 733 2176 ne
755 2137 958 2186 hostiliter
980 2138 1282 2191 diriperentur.
1315 2151 1379 2175 ce·

43 2205 179 2233 terum
203 2207 280 2246 per
303 2207 451 2233 omnes
471 2193 559 2234 dies
581 2194 694 2234 haud
716 2194 852 2244 secus,
885 2210 1007 2249 quam
1031 2197 1078 2234 in
1099 2205 1244 2248 pacato
1265 2207 1378 2246 agro,

0 2300 1 2303 Ἴ
42 2250 133 2292 fine
162 2250 389 2290 violatione
420 2251 543 2290 ullius
571 2253 657 2300 rei,
705 2266 857 2306 agmen
883 2252 1102 2306 processit,
1161 2252 1300 2303 donec
1330 2252 1381 2290 in

43 2322 188 2362 agrum
210 2308 477 2346 Coronaeum
495 2320 669 2348 ventum
690 2309 758 2348 cst.
808 2311 871 2349 Ibi
892 2309 1019 2349 statua
1039 2311 1148 2363 regis
1158 2308 1378 2355 Antiochi,

0 2366 2 2414 i
42 2363 175 2419 positar
188 2365 236 2402 in
246 2366 403 2418 templo
417 2367 636 2405 Minervae
652 2367 826 2414 Itoniae,
850 2369 957 2407 iram
971 2368 1185 2406 accendit:
1208 2363 1378 2419 permis-

44 2421 215 2474 sumque
236 2422 360 2469 militi
381 2422 462 2471 est,
491 2434 536 2460 ut
555 2424 873 2477 circumjectum
909 2428 1066 2479 templo
1085 2439 1228 2479 agrum
1249 2436 1378 2476 popu-

106 2476 150 2518 T.
171 2476 303 2519 Livii.·
329 2476 434 2520 Tom.
464 2478 551 2520 HL
848 2484 886 2532 Q
920 2538 923 2539 γ
1201 2481 1386 2518 lareturae
