1548 2703
166 75 236 129 1⁴⁷1
255 74 290 114 B
307 73 346 114 E
365 74 407 114 R
454 73 686 117 XXXVIII.
748 75 870 113 Cart
883 73 1032 112 XXVI.
1058 70 1227 112 xxvn'.
1304 72 1395 127 345

332 140 384 182 Uss
409 140 573 189 01563.
666 181 688 193 X,
808 158 842 183 a.
871 144 915 181 C.
941 143 994 181 N.
1025 140 1117 195 1891.
1349 139 1351 141 ’

965 207 974 222 Ι

176 225 323 263 XXVI.
384 223 564 262 Biduum
590 234 741 262 natura
764 224 920 262 montis
940 232 1016 276 'per
1039 221 1227 276 seipsum
1254 223 1396 274 explo-

61 279 213 329 randa,
245 295 303 321 ne
324 281 423 334 quid
441 281 575 334 ignoti
597 280 710 328 esset,
741 280 930 323 absumsit
949 280 1106 321 consul.
1167 279 1288 318 tertio
1311 279 1393 327 die,

60 352 156 377 cum
176 338 357 392 auspicio
388 353 557 392 operam
593 335 790 388 dedisset,
834 337 993 378 deinde
1027 336 1301 384 immolasset,
1342 337 1392 374 in

61 406 238 449 quatuor
273 407 413 450 partes
448 395 773 448 divisafficopias
808 395 968 435 educit:
1029 395 1130 434 duas
1172 405 1216 432 ut
1253 392 1393 433 medio

43 448 212 492 'monte
230 453 414 503 duceret,
436 453 536 492 duas
559 455 609 491 ab
628 454 828 494 lateribus
849 465 894 492 ut
910 453 1104 493 adversus
1124 465 1282 491 cornua
1297 446 1395 490 Ga]-

63 513 200 550 lorum
232 512 421 564 erigeret.
492 510 680 550 Hostium
704 511 816 565 quod
844 505 1008 553 roboris
1029 522 1143 560 erat,
1173 508 1395 561 Tectosagi

63 579 104 609 et
118 569 295 612 *Trocmi
309 567 490 607 mediam
504 570 708 607 tenebant
721 570 868 617 aciem,
889 569 1020 608 millia
1036 568 1261 607 hominum
1273 567 1395 619 quin-

63 627 273 680 quaginta.
336 628 561 679 equitatum
588 628 703 679 (quia
736 641 939 679 equorum
966 627 1107 667 nullus
1130 627 1243 665 inter
1273 625 1394 662 inae·

64 685 205 737 quales
228 698 354 737 rupes
375 683 468 722 usus
491 685 597 732 erat)
617 683 671 721 ad
694 683 821 737 pedes
836 683 1076 733 deductum,
1101 684 1246 722 decem
1261 681 1416 721 millia

65 741 302 790 hominum,
324 743 375 780 ab
397 741 544 781 dextro
565 744 812 781 locaverunt
829 756 975 780 cornu.
1038 740 1270 781 Ariarathis
1293 740 1398 792 Cap-

66 798 247 852 padoces
270 810 310 838 et
331 800 465 838 Morzi
488 800 712 838 auxiliares
733 800 779 838 in
804 798 922 839 laevo
944 810 1120 853 quatuor
1150 797 1283 847 {erme
1305 797 1396 838 mil·

64 857 164 896 lium
196 867 422 898 numerum
460 858 700 909 expiebant.
761 856 938 906 Consul,
990 857 1092 896 ficut
1130 858 1178 895 in
1212 857 1396 908 Olympo

63 925 223 963 monte,
247 915 384 968 prima
396 915 446 952 in
466 915 695 957 acielocata
716 915 798 954 levi
811 926 1036 963 armatura,
1057 916 1236 952 reiorum
1255 913 1397 952 omnis

63 973 231 1025 generis
262 982 306 1011 ut
335 985 465 1024 aeque
494 986 648 1025 magna
679 973 737 1011 vis
768 972 820 1012 ad
852 987 1028 1011 manum
1057 972 1178 1021 esset,
1220 971 1395 1010 curavit.

67 1030 151 1068 Ubi
182 1030 602 1083 appropinquarunt,
654 1031 798 1068 omnia
836 1030 984 1069 eadem
1017 1031 1241 1083 utrinque,
1290 1040 1398 1080 quae

63 1086 236 1127 fuerant
254 1088 301 1126 in
321 1088 462 1140 priore
482 1088 656 1140 proelio,
682 1098 816 1135 erant,
839 1098 1009 1140 praeter
1021 1088 1197 1136 animos,
1221 1098 1261 1125 et
1272 1087 1398 1125 victo-

65 1145 180 1184 ribus
203 1146 255 1183 ab
277 1159 322 1182 re
346 1144 529 1186 secunda
549 1156 701 1193 auctos,
725 1156 764 1183 et
782 1145 964 1185 hostibus
986 1144 1160 1184 fractos:
1191 1145 1301 1198 quia,
1325 1140 1398 1181 etfi

65 1216 161 1241 non
180 1201 255 1257 ipsi
275 1203 372 1241 vieti
391 1213 525 1251 erant,
548 1201 642 1244 [uae
655 1204 790 1255 gentis
810 1203 1033 1242 hominum
1056 1202 1217 1242 ciadem
1237 1215 1314 1256 pro
1329 1199 1400 1239 [ua

67 1259 292 1302 ducebant.
351 1260 541 1312 itaque-a
570 1261 738 1316 paribus
767 1261 899 1299 initiis
930 1271 1076 1313 coepta
1107 1274 1174 1304 res
1206 1257 1396 1299 eundem

66 1319 224 1359 exitum
250 1317 408 1357 habuit.
469 1318 593 1357 Ve]ut
631 1320 765 1356 nubes
798 1319 954 1357 levium
994 1320 1176 1357 telorum
1206 1317 1400 1369 conjecta

67 1374 206 1414 obruit
234 1375 366 1413 aciem
398 1375 634 1414 Gallorum.
688 1387 771 1413 nec
800 1387 869 1414 aut
900 1390 1150 1428 procurrere
1178 1376 1401 1429 quisquam

67 1434 120 1471 ab
142 1431 363 1472 ordinibus
382 1431 476 1481 suis,
508 1446 565 1471 ne
585 1432 802 1475 nudarent
825 1433 1013 1487 undique
1035 1447 1185 1488 corpus
1207 1432 1260 1471 ad
1280 1433 1401 1481 ictus,

69 1490 306 1530 audebant:
344 1500 384 1528 et
404 1488 587 1540 stantes,
627 1505 708 1543 quo
730 1490 943 1531 densiores
974 1502 1119 1541 erant,
1147 1492 1229 1530 hoc
1260 1491 1399 1544 plura,

69 1549 184 1587 velut
204 1546 456 1589 destinatum
476 1549 732 1601 petentibuS,
754 1550 929 1588 vulnera
955 1551 1231 1603 accipiebant.
1292 1548 1402 1585 Con-

32 1618 35 1621 ’
71 1604 155 1654 sul,
195 1606 276 1660 jam
308 1619 385 1659 per
411 1604 453 1646 [e
484 1607 659 1646 turbatis
691 1605 719 1645 fi
749 1606 962 1659 legionum
996 1606 1110 1660 signa
1140 1603 1400 1653 ostendisset,

72 1662 262 1703 versuros
291 1663 502 1715 extemplo
531 1664 581 1702 in
610 1662 751 1717 fugam
783 1678 932 1704 omnes
962 1676 1074 1704 ratus
1093 1695 1104 1714 ‚
1135 1663 1315 1718 receptis
1335 1662 1401 1700 in-

73 1732 137 1760 ter
167 1719 340 1761 ordines
375 1721 567 1761 velitibus
605 1731 647 1762 et
677 1722 758 1764 alia
785 1724 909 1764 turba
939 1723 1210 1772 auxiliorum,
1267 1719 1401 1761 aciem

71 1789 297 1833 promovit.

188 1893 359 1936 XXVII,
420 1892 555 1940 Galli,
587 1902 629 1932 et
658 1895 861 1934 memoria
891 1892 1241 1948 Tolistobojorum
1272 1894 1403 1935 cladis

73 1951 233 2000 territi,
262 1961 302 1990 et
320 1949 590 1991 inhaerentia
608 1954 852 2005 corporibus
871 1964 1064 2007 gerentes
1084 1954 1176 2001 teia,
1208 1953 1402 2006 fessisque

76 2020 120 2049 et·
141 2008 288 2048 stando
311 2019 351 2048 et
368 2009 628 2056 muneribus,
662 2023 718 2048 ne
739 2011 920 2064 primum
945 2010 1115 2063 quidem
1138 2012 1338 2063 impetum
1361 2021 1401 2049 et

76 2067 307 2107 clam'orem
329 2067 841 2106 Romanorumiulerunt.
880 2070 988 2123 Fuga
1009 2068 1062 2106 ad
1077 2068 1206 2106 castra
1225 2069 1403 2107 inclina-

77 2126 150 2165 vit.
187 2123 262 2166 'sed
281 2123 398 2177 pauci
422 2123 534 2162 intra
553 2126 820 2164 munimenta
842 2125 923 2165 sese
952 2140 1170 2178 recepere:
1200 2140 1297 2179 pars
1321 2140 1403 2163 ma-

77 2182 159 2234 ior,
181 2180 328 2221 dextra
349 2183 546 2233 laevaque
565 2184 750 2234 praelati,
771 2198 850 2236 qua.
872 2198 1077 2236 quemque
1098 2184 1274 2237 impetus
1297 2184 1403 2230 tulit,

78 2238 292 2293 «fugerunt.
354 2239 556 2287 victoreS‚
594 2254 723 2294 usque
753 2242 804 2279 ad
826 2241 956 2280 casrra
981 2242 1130 2290 secuti,
1161 2240 1407 2279 ceciderunt

76 2306 220 2351 -tergaz
244 2295 401 2336 deinde
420 2297 468 2334 in
480 2295 621 2336 casn-is
633 2298 859 2351 cupiditate
871 2298 1303 2353 praedaehaeserunt‚
1327 2310 1409 2334 nec

80 2352 328 2406 sequebatur
353 2355 581 2407 quisquam.
645 2357 695 2393 ln
727 2357 927 2396 cornibus
967 2358 1081 2396 Galzi
1111 2357 1264 2395 diutius
1294 2356 1411 2392 [tete-

83 2421 207 2460 runt,
255 2413 348 2465 quia
384 2410 512 2450 serius
546 2411 598 2450 ad
628 2427 696 2451 eos
732 2413 1077 2467 perventum‘esr.
1136 2425 1322 2452 ceterum
1351 2424 1410 2449 ne

81 2469 266 2523 primum
299 2468 470 2523 quidem
502 2471 738 2522 conjectum
757 2474 950 2511 “telorum
977 2472 1178 2512 tulerunt.
1240 2468 1411 2516 Consul,

746 2530 781 2568 Y
814 2539 838 2579 5
1342 2526 1412 2579 qui
