1548 2703
188 68 395 111 LIBER
436 70 558 109 XLV.
618 69 938 109 Cin-XXXII.
980 62 1168 107 XXXIII.
1282 61 1367 112 663

267 141 321 179 U.
354 141 527 190 0585.
754 152 789 177 a.
824 140 867 177 C.
902 139 955 177 N.
995 140 1086 188 167.

37 218 211 263 recitata
238 220 480 274 principum
503 218 807 267 Macedonum,
840 231 941 271 quos
963 232 1058 256 cum
1079 217 1246 266 liberis,
1278 231 1364 256 ma-

36 278 193 332 joribus
214 291 340 331 quam
359 275 602 330 quindecim
621 289 757 316 annos
776 276 886 315 natis
898 306 909 325 ,
939 274 1196 329 praecedere
1215 276 1263 313 in
1284 275 1361 312 Ita-

34 337 134 375 liam
154 335 352 389 placeret.
409 333 481 383 Id,
510 336 647 388 prima
667 333 803 388 specie
825 332 989 374 saevum
1002 362 1014 382 ,
1045 346 1147 371 mox
1166 332 1360 385 apparuit

35 390 299 432 multitudini
324 391 607 432 Macedonum
646 406 724 446 pro
755 392 947 441 libertate
976 390 1046 428 sua
1076 390 1160 429 esse
1189 389 1358 429 factum.

35 450 247 490 nominati
281 449 378 488 sunt
415 450 529 489 enim
566 450 677 503 regis
716 450 839 488 amic-i
876 448 1199 502 purpuratique,
1234 447 1362 486 duces

22 508 292 548 ‘exercituum
304 537 315 556 ,
345 506 548 561 praefecti
566 509 741 548 navium
760 517 830 546 aut
846 505 1169 560 praefidiorum3
1202 504 1360 544 servire

32 566 124 619 regi
146 564 384 615 humiliter,
413 566 503 604 aliis
526 565 705 619 superbe
727 566 938 619 imperare
960 563 1125 603 assuetit
1153 561 1360 616 praedivi-

32 635 96 662 tes
113 622 207 672 alii,
242 622 332 672 alii,
362 636 463 676 quos
483 621 767 675 fortunalnon
787 631 1038 675 aequarent,
1074 620 1137 660 his
1158 620 1359 659 sumtibus

31 692 178 734 pares:
227 681 364 734 regius
393 682 588 721 omnibus
618 681 748 722 victus
777 680 1047 733 vestitusque:
1087 678 1197 717 nulli
1226 677 1358 716 civilis

33 739 223 787 animus,
257 752 398 790 neque
427 739 566 792 legum
596 753 734 792 neque
763 738 967 778 libertatis
997 750 1150 790 aequae
1179 736 1358 790 patiens.

33 797 197 835 Omnes
216 795 362 849 igitur,
392 797 464 849 qui
484 797 533 835 in
556 797 760 850 aliquibus
780 794 1025 835 ministeriis
1047 794 1192 848 regiis,
1233 793 1358 832 etiam

32 854 105 907 qui
124 854 175 892 in
190 853 379 893 minimis
398 854 676 907 legationibus
697 853 880 902 fuerant,
908 851 1001 907 jusfi
1020 849 1272 890 Macedonia
1291 863 1360 888 ex-

32 909 207 959 cedere,
240 921 363 963 atque
390 911 440 950 in
463 911 626 950 Italiam
652 912 738 951 ire:
776 912 847 965 qui
879 924 972 949 non
1001 907 1202 963 paruisset
1229 909 1359 961 impe-

31 969 112 1017 rio,
132 981 245 1008 mors
267 967 531 1007 denuntiata.
555 970 682 1022 Leges
697 969 972 1009 Macedoniae
994 966 1110 1007 dedit
1129 980 1224 1005 cum
1240 975 1359 1004 tanta

31 1040 146 1075 cura,
167 1036 213 1063 ut
231 1039 325 1064 non
343 1024 527 1066 hostibus
546 1027 677 1075 victis,
700 1026 772 1066 sed
793 1027 909 1065 sociis
931 1028 1041 1064 bene
1058 1024 1234 1072 meritis,
1256 1022 1360 1062 dare

29 1082 268 1123 videretur:
307 1093 349 1122 et
372 1097 471 1136 quas
494 1098 551 1123 ne
572 1083 665 1123 usus
688 1084 855 1137 quidem
885 1085 1012 1137 longo
1032 1093 1224 1136 tempore
1257 1080 1363 1134 (qui

30 1154 143 1180 unus
163 1139 222 1179 est
239 1141 380 1194 legum
401 1143 632 1191 corrector)
646 1141 910 1195 experiendo
929 1150 1130 1195 argueret.
1153 1137 1225 1178 Ab
1242 1138 1359 1177 seriis

30 1200 158 1238 rebus
178 1197 410 1253 ludicrum,
444 1198 555 1253 quod
579 1214 632 1238 ex
655 1201 786 1238 multo
817 1210 916 1238 ante
945 1208 1218 1253 praeparato,
1249 1207 1288 1235 et
1310 1195 1360 1234 in

30 1255 152 1297 Asiae
173 1256 381 1305 civitates,
409 1267 451 1296 et
470 1256 524 1295 ad
546 1270 662 1310 reges
683 1256 833 1306 missis,
865 1257 936 1309 qui
957 1256 1282 1302 denuntiarent,
1320 1262 1361 1291 et
1402 1262 1407 1270 ’

30 1328 129 1354 cum
151 1314 391 1353 circumiret
411 1313 497 1368 ipse
517 1314 722 1355 Graeciae
743 1315 941 1363 civitates,
967 1312 1180 1353 indi-xerat
1203 1310 1362 1365 princi·

27 1373 176 1426 pibus,
205 1385 361 1424 magno
390 1382 594 1426 apparatu
620 1372 867 1426 Amphipoli
895 1370 1006 1411 fecit.
1067 1371 1178 1411 Nam
1201 1379 1244 1409 et
1264 1368 1361 1408 arti-

29 1430 156 1468 ficum
178 1431 315 1468 omnis
338 1429 528 1482 generis,
569 1431 639 1483 qui
659 1429 866 1482 ludicram
892 1440 1022 1468 artem
1044 1428 1276 1476 facieba-nt,
1309 1439 1362 1464 ex

30 1497 119 1525 toto
148 1488 250 1525 orbe
282 1496 490 1525 terrarum
521 1487 767 1537 multitudo,
806 1498 846 1528 et
873 1487 1148 1536 athletarum,
1178 1496 1219 1524 et
1239 1484 1359 1523 nobi-

29 1545 137 1585 lium
163 1548 368 1597 equorum
391 1546 616 1584 convenitt
653 1556 695 1585 et
715 1545 945 1598 legationes
973 1559 1068 1583 cum
1089 1543 1289 1591 victimis,
1320 1551 1362 1580 et

33 1601 239 1655 quidquid
260 1601 375 1641 aliud
395 1602 590 1641 Deorum
618 1603 925 1656 hominumque
946 1602 1066 1642 causa
1087 1602 1179 1641 fieri
1199 1599 1364 1654 magnis

31 1660 144 1700 ludis
162 1660 212 1699 in
233 1660 416 1700 Graecia
436 1660 552 1700 solet.
611 1662 673 1700 Ita
702 1659 858 1700 factum
885 1660 966 1710 est,
995 1672 1039 1700 ut
1059 1674 1153 1700 non
1174 1657 1363 1712 magnifi-

33 1717 220 1757 centiam
249 1728 439 1767 tantum,
468 1717 541 1757 sed
563 1718 837 1773 prudentiam
860 1718 909 1757 in
932 1717 1083 1758 dandis
1105 1716 1361 1771 spectaculis,

33 1774 91 1814 ad
108 1789 213 1829 quae
227 1774 357 1814 rudes
371 1787 462 1814 tum
474 1777 662 1816 Romani
679 1787 818 1826 erant,
840 1775 1167 1815 admirarentur.
1200 1775 1360 1828 Epulae

33 1846 198 1886 quoque
220 1833 496 1886 legationibus
517 1845 700 1887 paratae,
721 1846 763 1875 et
785 1835 1003 1888 opulentia
1022 1844 1063 1874 et
1085 1848 1185 1873 cura
1197 1830 1357 1872 eadem.

32 1892 169 1944 Vulgo
190 1889 349 1930 dictum
368 1891 492 1944 ipsius
510 1891 720 1942 ferebant,
750 1903 792 1931 et
813 1893 1053 1932 convivium
1074 1890 1297 1939 instruere,
1319 1899 1361 1930 et

30 1947 155 1988 ludos
179 1962 352 2003 parare,
381 1949 569 2003 ejusdem
590 1950 697 2000 esse,
733 1951 807 2005 qui
828 1951 1001 1990 vincere
1025 1948 1287 1989 belloscire-t.

148 2065 338 2105 XXXIII.
399 2065 525 2107 Edito
551 2067 716 2108 ludicro
740 2068 881 2108 omnis
903 2069 1089 2122 generis,
1121 2067 1363 2121 clypeisque
1421 2075 1423 2078 '

35 2122 169 2162 aereis
199 2123 249 2161 in
277 2135 408 2164 naves
436 2125 656 2180 impositis,
695 2137 836 2166 cetera
864 2127 1004 2165 omnis
1035 2126 1202 2180 generis
1231 2138 1362 2174 arma,

36 2181 244 2220 cumulata
263 2181 312 2219 in
332 2182 555 2235 ingentem
577 2198 793 2233 acervum,
832 2195 1025 2239 precatus
1051 2186 1256 2231 Martem,
1287 2183 1362 2222 Mi-

36 2250 237 2287 nervam,
278 2240 492 2294 Luamque
524 2253 727 2291 matrem,
766 2253 806 2281 et
838 2253 1000 2281 eeteros
1029 2241 1168 2289 Deos,
1214 2242 1363 2294 quibus

36 2294 167 2347 spolia
186 2295 366 2335 hostium
386 2298 531 2339 dicare
547 2300 609 2352 jus
632 2299 777 2353 sasque
798 2298 868 2348 est,
892 2299 978 2353 ipse
997 2302 1242 2352 imperator,
1275 2297 1366 2337 face

37 2351 213 2401 subdita,
233 2353 465 2396 succendit.
486 2357 643 2398 deinde
662 2356 979 2397 circumstantes
1000 2357 1163 2395 tribuni
1182 2357 1364 2395 militum

37 2424 117 2463 pro
134 2409 176 2449 se
194 2412 370 2466 quisque
390 2416 511 2469 ignes
530 2416 821 2470 conjecerunt.
853 2416 1003 2453 Notata
1026 2413 1083 2453 est
1105 2416 1153 2454 in
1175 2416 1248 2453 illo
1266 2420 1380 2452 corb*

36 2478 170 2509 ventu
197 2468 393 2526 Europae
421 2471 646 2529 Asiaeque,
691 2473 881 2526 undique
913 2473 1069 2527 partim
1104 2471 1159 2511 ad
1191 2473 1366 2526 gratula-

685 2534 724 2574 T
740 2543 757 2574 t
782 2532 814 2585 4
1291 2530 1365 2568 tio-
