1548 2703
189 80 276 133 594
430 56 632 118 LIBER
665 80 807 120 xuv.
869 81 979 120 Cn.
1019 49 1122 123 vn}
1148 85 1267 141 νηῐ,

419 150 469 186 U.
505 149 549 185 C.
580 151 675 194 583.
956 165 991 190 a.
1026 153 1069 191 C.
1088 152 1153 192 ‘N.
1191 158 1281 208 169.

184 227 363 280 satisque
382 226 582 275 credens,
617 239 804 280 paratam
824 227 1029 269 frumenti
1047 232 1209 284 copiam
1230 232 1336 282 fore,
1368 248 1417 273 eo
1436 235 1506 275 die

184 283 240 326 ad
270 297 441 323 amnem
471 284 649 322 nomine
677 285 817 336 Mityn
849 285 1054 339 processit.
1116 288 1277 328 Postero
1309 289 1377 329 die
1411 293 1507 345 pro-

183 340 366 397 gressus,
396 338 591 395 Agassam
614 342 784 391 urbem,
825 342 1087 384 tradentibus
1109 344 1150 384 se
1171 346 1288 397 ipsis,
1321 349 1503 403 recepit:

183 410 247 449 et,
280 409 323 437 ut
351 400 610 452 reliquorum
634 399 917 438 Macedonum
948 403 1112 440 animos
1140 402 1215 441 sibi
1243 405 1505 456 conciliaret,

182 457 392 498 obfidibus
411 466 657 505 contentus,
686 455 775 495 sine
797 456 1001 513 praesidio
1024 459 1264 512 relinquere
1287 459 1327 499 se
1350 463 1409 501 eis
1425 472 1504 502 'ur-

181 517 304 564 bem,
333 515 629 566 immunesque
659 527 707 552 ac
731 513 812 553 suis
840 513 998 568 legibus
1025 516 1226 567 victuros,
1257 516 1315 556 est
1344 519 1503 572 pollici-

181 584 260 613 tus.
318 570 551 626 Progressus
573 569 677 610 inde
697 570 782 611 diei
800 572 898 620 iter,
928 572 981 610 ad
999 571 1231 612 Ascordum
1253 574 1412 614 flumen
1431 591 1504 630 po-

176 631 258 671 suit
280 628 433 669 castra:
463 639 519 678 et,
549 639 751 681 quantum
778 628 1026 682 procederet
1047 630 1210 683 longius
1231 646 1255 670 a
1275 632 1502 684 Thessalia,

175 702 228 729 eo
249 688 452 741 majorem
472 688 616 725 rerum
638 687 830 724 omnium
849 686 1039 740 inopiam
1060 687 1266 737 sentiens,
1295 685 1511 744 regressus‘

175 745 231 787 ad
250 745 384 786 Dium
411 743 492 791 est;
519 743 781 784 dubitatione
803 745 1000 783 omnibus
1026 755 1211 795 excitata,
1244 746 1343 800 quid
1371 749 1504 788 inter-

173 802 288 844 cluso
305 805 358 842 ab
369 800 581 841 Thessalia
599 800 848 853 patiendum
869 800 1020 851 fuisset,
1033 803 1100 841 cui
1118 805 1264 855 procul
1285 804 1390 844 inde
1410 807 1503 851 absa·

173 861 325 901 cedere
338 870 470 916 tutuni
482 872 575 898 non
588 859 699 899 esset.
723 857 904 908 Perseus,
921 861 1148 899 contractis
1161 861 1208 899 in
1219 875 1352 900 unum
1364 863 1500 903 omni-

171 920 252 959 bus
267 918 397 972 copiis
411 916 680 969 ducibusque,
699 920 923 970 increpare
935 917 1168 970 praefectos
1182 912 1505 971 praefidiorum,'

172 987 272 1016 ante
295 986 447 1014 omnes
463 972 803 1027 Asclepiodotum
828 984 949 1026 atque
970 974 1194 1028 Hippiam:
1225 977 1276 1014 ab
1298 976 1362 1016 his
1386 976 1497 1017 dice-

170 1042 221 1074 re
239 1031 415 1072 claustra
434 1030 709 1070 Macedoniae
739 1029 890 1069 tradita
907 1031 1110 1070 Romanis
1140 1030 1244 1071 esse:
1276 1035 1389 1086 cujus
1410 1036 1499 1074 cul-

169 1104 250 1146 pae
269 1102 365 1129 reus
383 1102 511 1127 nemo
529 1087 685 1138 justius,
711 1101 834 1141 quam
856 1086 963 1140 ipse,
991 1086 1139 1129 fuisset.
1200 1089 1370 1130 Consuli
1390 1092 1496 1145 post-

169 1162 293 1203 quam
317 1161 370 1186 ex
390 1147 471 1185 alto
490 1145 708 1198 conspecta
725 1144 857 1184 classis
877 1144 992 1198 spem
1009 1145 1120 1195 fecit,
1144 1159 1238 1184 eum
1256 1157 1497 1203 commeatu

167 1219 298 1246 naves
312 1204 476 1252 venire,
501 1204 679 1256 (ingens
693 1202 808 1241 enim
821 1202 969 1241 caritas
990 1216 1190 1243 annonae
1210 1217 1257 1243 ac
1275 1204 1407 1259 prope
1425 1207 1495 1246 in·
1547 1219 1548 1250 j

166 1264 264 1317 opia
285 1261 392 1310 erat)
413 1263 463 1300 ab
484 1261 661 1300 invectis
679 1261 760 1313 jam
779 1270 945 1314 portum
965 1259 1099 1310 audit,
1126 1263 1342 1302 onerarias
1359 1277 1494 1315 naves

164 1318 402 1375 Magnesiae
421 1319 585 1358 relictas
605 1317 699 1357 esse.
735 1318 903 1357 Incerto
922 1316 1039 1367 inde„
1055 1318 1259 1371 quidnam
1278 1320 1492 1374 agendum

163 1378 286 1427 foret,
309 1376 432 1426 (adeo
451 1375 538 1414 fine
557 1377 639 1413 ulla
660 1389 738 1429 ope
758 1374 885 1414 hostis
907 1388 1011 1428 quae
1032 1387 1283 1429 aggravaret,
1297 1378 1492 1432 cumipsa
1514 1392 1520 1399 ·
1547 1397 1548 1402 ’

163 1434 409 1476 difficultate
439 1447 582 1471 rerum
601 1432 880 1486 pugnandum
906 1433 1022 1479 erat)
1059 1444 1378 1488 peropportune
1400 1437 1490 1476 lite-

161 1507 235 1532 rae
259 1507 282 1531 a
305 1493 373 1545 Sp.
393 1492 584 1530 Lucretio
616 1491 764 1529 allatae
792 1490 911 1529 sunt:
950 1488 1112 1529 castella
1132 1490 1195 1540 se,
1227 1506 1333 1545 quae
1362 1492 1488 1547 super

161 1552 327 1602 Tempe
349 1548 487 1588 essent
506 1558 546 1586 et
566 1548 678 1586 circa
698 1548 866 1597 Philan,
900 1558 1047 1586 tenere
1068 1549 1233 1598 omnia,
1264 1547 1486 1592 frumenti·

160 1622 243 1662 que
265 1609 313 1647 in
334 1608 384 1646 iis
405 1616 445 1645 et
464 1606 641 1644 aliarum
661 1606 712 1644 in
729 1604 846 1644 usum
865 1618 1007 1644 rerum
1029 1605 1192 1659 copiam
1212 1606 1439 1648 invenitse.

261 1700 387 1764 vVIII.
421 1724 495 1763 His
508 1736 762 1777 magnopere
783 1723 912 1762 laetus
926 1719 1068 1761 consul
1083 1722 1136 1761 ab
1148 1720 1235 1761 Dio
1255 1721 1310 1762 ad
1329 1718 1498 1784 Philam

158 1779 294 1830 ducit,
327 1780 445 1821 simul
461 1792 511 1820 ut
532 1781 780 1835 praesidium
803 1781 888 1833 ejus
911 1781 1118 1829 firmaret,
1149 1779 1268 1818 fimul
1290 1791 1335 1818 ut
1357 1778 1482 1823 militi

156 1838 443 1888 frumentum,
475 1840 589 1892 cujus
612 1838 730 1876 tarda
757 1837 966 1876 subvectio
995 1848 1104 1886 erat,
1138 1836 1358 1878 divideret.
1416 1839 1481 1879 Ea

154 1896 359 1950 profectio
389 1895 542 1934 famam
569 1896 888 1949 haudquaquam
918 1893 1337 1936 secundanrhabuit.
1376 1909 1480 1935 nam

153 1955 245 2002 alii,
278 1964 392 1992 metu
420 1953 623 1992 recessisse
649 1968 743 1992 eum
768 1956 818 1992 ab
842 1951 977 2000 hoste,
1017 1951 1236 2001 ferebant,
1269 1953 1365 2006 quia
1393 1967 1480 1993 ma.

151 2012 277 2050 nenti
291 2012 535 2065 imperatori
550 2011 709 2064 proelio
721 2010 1011 2050 dimicandum
1027 2007 1156 2048 foret:
1176 2009 1249 2049 alii
1263 2010 1475 2063 ignarum,

149 2070 253 2108 ‘hessi
275 2082 380 2122 quae
399 2070 447 2107 in
467 2068 555 2108 dies
576 2067 746 2108 fortuna
768 2078 968 2116 novaret3
1000 2077 1044 2104 ut
1063 2067 1155 2119 qui,
1196 2065 1475 2108 offerentibus

149 2125 232 2168 sese
252 2129 389 2175 rebus,
414 2125 609 2164 omilisset
629 2140 651 2164 e
672 2127 864 2164 manibus
888 2139 932 2163 ea
945 2154 955 2173 ,
981 2137 1085 2177 quae
1105 2138 1207 2162 mox
1225 2126 1359 2177 repeti
1381 2133 1491 2176 nonj

146 2183 325 2238 possent.
371 2184 500 2223 Simul
523 2185 639 2222 enirn
661 2182 774 2222 cessit
795 2182 1042 2236 possessione
1060 2180 1150 2230 Dii,
1186 2182 1473 2222 excitavivho-

147 2240 270 2290 stem,
303 2253 346 2279 ut
367 2255 485 2279 nunc
503 2239 676 2278 tandem
695 2242 890 2289 sentiret,
922 2234 1214 2292 recuperanda
1232 2237 1335 2287 esse,
1365 2249 1493 2292 quae‘

145 2300 261 2352 prius
282 2300 403 2352 culpa
422 2297 564 2336 amissa
585 2297 740 2337 forent.
774 2298 930 2336 Audita
950 2297 1067 2335 enim
1087 2293 1349 2349 prosectione
1370 2311 1470 2350 conf

88 2367 94 2371 ’
144 2356 253 2405 subs,
285 2355 489 2409 regressus
510 2356 658 2405 Dium,
691 2369 796 2409 quae
817 2356 984 2408 disjecta
1004 2354 1051 2392 ac
1071 2351 1223 2391 vastata
1241 2355 1294 2391 ab
1314 2354 1469 2408 Roma·
1482 2404 1490 2412 .

143 2415 211 2454 nis
232 2425 366 2462 erant,
398 2413 551 2452 reiicit:
582 2414 737 2465 pinnas
752 2426 976 2454 moenium
1000 2408 1185 2450 decussas
1206 2411 1388 2463 reponit,
1414 2404 1473 2450 ab'

141 2472 262 2525 omni
280 2482 398 2526 parte
412 2483 552 2510 muros
570 2471 727 2510 firmat:
762 2468 920 2510 deinde
933 2469 1121 2523 quinque
1133 2467 1267 2518 millia
1277 2466 1468 2521 passuum

1414 2527 1475 2565 ab
