1548 2703
141 74 195 112 92
376 61 408 99 L
438 60 458 97 Ι
488 58 521 97 Β
551 58 587 98 Ε
617 62 669 100 R·
697 63 887 101 ΧΧΧΙῙῙ.
951 63 1067 105 CAr.
1089 65 1135 104 X.
1156 65 1227 105 XI.

448 132 498 169 U.
522 133 565 169 (J.
590 138 683 173 5356.
864 149 883 170 a
923 135 964 171 (ἱ.
994 135 1041 171 Ν.
1075 148 1162 186 ¹97·

143 221 284 257 retur,·
304 223 409 262 quae
426 211 474 248 in
494 211 611 250 laeva
629 224 745 262 parre
767 211 928 250 suorum
952 212 1122 252 fortuna
1144 214 1264 255 esset:
1293 213 1464 264 deinde,

143 266 358 321 postquam
377 266 516 319 fugam
549 267 722 307 esfusun
753 269 1073 320 animadvertit,
1114 283 1155 310 et
1181 273 1323 311 omnia
1355 273 1473 311 circa.-

143 325 237 378 juga
259 323 383 379 lignis
403 336 523 378 atque
547 327 672 365 armis
697 325 875 379 fulgere,
902 340 987 366 tum
1010 341 1050 368 et
1070 329 1155 383 ipse
1179 331 1265 369 acie
1286 329 1464 371 excessit.

145 382 391 431 Quinctius,
423 397 515 422 cum
541 383 748 423 institisset
755 358 1037 435 D’cedemibus,
1069 397 1246 439 repente
1268 387 1361 439 quia
1386 387 1471 425 eri-⁷

144 451 290 493 gentes
312 440 444 480 hastas
465 441 718 481 Macedonas
739 443 1025 496 conspexerat,
1048 445 1248 497 quidnam
1264 453 1483 498 pararem:>

145 499 344 547 incertus,
378 500 590 552 paulisper
609 501 791 538 novitate
813 503 872 540 rei
895 475 1105 541 constituit
1126 501 1254 555 ligna:
1289 499 1461 550 deinde,

146 565 191 593 ut
211 557 369 610 accepit
389 557 504 595 hur-‚c
528 572 686 596 morem
705 557 786 597 esse
799 558 1076 613 'vlacedonum
1092 559 1344 598 tradentium
1365 557 1462 607 sese,

145 627 320 666 parcere
342 614 458 653 victis
479 615 527 652 in
547 616 734 654 animum
762 616 949 655 habebat.
1012 606 1201 656 Ceterum
1226 619 1277 655 ab
1306 615 1462 669 ignaris

146 671 347 710 militibus
370 670 557 710 omissam
581 675 631 711 ab
661 672 773 712 hoste
802 688 1005 727 pugnam,
1043 686 1083 714 et
1107 674 1206 727 quid
1238 648 1463 727 imperatui·

145 730 286 776 vellet,
306 730 486 781 impetus
508 731 555 769 in
576 730 740 770 eosdem
760 729 900 782 factus,
925 745 977 780 et,
1001 734 1147 784 primis
1168 731 1304 781 caesis,
1336 729 1475 796 ceteri?

145 787 195 825 in
217 785 354 840 sugam
376 786 553 840 dissipati
581 787 687 828 sunt
746 790 838 828 Rex
868 789 997 829 effuso
1027 790 1145 828 cursu
1165 792 1200 828 Ἰ
1206 803 1326 842 empe
1347 788 1460 840 petit.

147 844 210 883 Ibi
233 843 284 882 ad
317 845 497 883 Gonnos
530 843 641 883 diem
664 860 794 885 unum
827 847 997 886 substitit
1018 848 1066 886 ad-
1099 845 1391 899 excipiendos,
1431 842 1462 883 fi

146 903 217 955 qui
231 903 389 954 proelio
402 901 671 955 superessent.
703 905 885 943 humani
900 907 1069 944 victores
1085 907 1128 943 in
1143 905 1271 944 castra
1284 902 1462 942 hostium

145 958 216 1012 spe
228 958 429 1012 praedae
420 973 608 998 1rruunt:
633 975 775 1001 verum
790 976 994 1016 eamagna
1009 963 1089 1018 jam
1105 978 1156 1002 ex
1171 973 1287 1015 parte
1299 953 1463 1013 direpm

146 1019 199 1056 ab
225 1017 413 1055 Aetolis
404 1020 644 1057 inveniunt.
706 1018 828 1058 Caesa
847 1034 895 1058 eo
916 1020 984 1058 die
1008 1031 1098 1059 octo
1118 1019 1292 1059 hostium
1317 1018 1460 1065 millia,

146 1074 334 1127 quinque
362 1085 491 1126 capta.
561 1077 623 1114 Ex
663 1078 882 1116 victoribus
914 1077 1163 1129 septingenti
1193 1076 1324 1116 ferme
1360 1074 1463 1114 ceci·

148 1131 317 1170 derunt.
379 1132 420 1171 Si
440 1133 606 1172 Valerio
629 1135 719 1186 quis
738 1134 898 1183 credat,
939 1136 1131 1175 omnium
1155 1148 1292 1172 rerum
1315 1134 1462 1176 immo-

147 1189 240 1229 dice
263 1203 486 1229 numerum
518 1192 710 1245 augenti,
750 1192 1021 1246 quadraginta
1049 1192 1177 1232 millia
1207 1188 1382 1231 hostiurn
1414 1202 1464 1229 eo

148 1247 218 1286 die
247 1246 343 1285 sunt
372 1247 508 1298 caesa3
556 1260 696 1302 capta,
745 1251 817 1289 ubi
845 1250 1061 1289 modestius
1093 1249 1359 1288 mendacium
1392 1246 1463 1299 est,

146 1306 334 1358 quinque
355 1306 485 1344 millia
504 1305 769 1360 septingenti,
789 1307 899 1361 signa
919 1309 1112 1348 militaria
1133 1306 1311 1346 ducenta
1329 1318 1466 1344 unum

148 1373 190 1401 et
207 1361 493 1417 quadraginta.
551 1364 744 1405 Claudius
772 1380 930 1419 quoque
956 1366 1037 1404 duo
1069 1376 1108 1404 et
1134 1366 1306 1425 triginta
1336 1361 1466 1402 millia

148 1419 326 1460 hostium
350 1420 465 1459 caesa
484 1420 646 1471 scribit,
678 1434 796 1476 capta
823 1435 994 1476 quatuor
1021 1423 1149 1462 millia
1180 1433 1219 1460 et
1240 1429 1466 1470 trecentos.⁸

149 1478 238 1518 Nos
260 1491 351 1516 non
376 1479 557 1517 minimo
588 1479 837 1532 potissimum
867 1496 1041 1527 nurnero
1070 1479 1350 1526 credidimus,
1393 1473 1471 1527 sed

148 1536 367 1586 Polybium
398 1535 524 1574 secuti
553 1536 710 1586 sumus,
769 1553 860 1578 non
886 1539 1091 1577 incertum
1129 1549 1336 1576 auctorem
1368 1549 1465 1574 cum

151 1593 343 1689 otrsnnium
363 1595 653 1633 Romanarum
674 1610 838 1647 rerum,
869 1608 956 1636 tum
974 1596 1194 1653 praecipue
1216 1595 1266 1635 in
1284 1591 1464 1635 Graecia
1505 1645 1507 1648 Α

147 1663 197 1706 ge
220 1661 367 1690 tarum.

262 1765 332 1803 XI.
391 1764 626 1819 Philippus,
656 1768 835 1811 collectis
865 1782 917 1808 ex
935 1767 1054 1822 fuga,
1094 1768 1186 1822 qui,
1222 1768 1346 1808 variis
1369 1764 1465 1806 eafi:

148 1823 224 1862 bus
246 1836 410 1876 pugnae
432 1822 635 1876 dissipati,
665 1826 829 1880 vestigia
854 1826 938 1877 ejus
959 1827 1081 1866 secuti
1103 1826 1293 1875 fuerant,
1322 1822 1467 1867 missis-

134 1894 231 1933 ·que
252 1879 448 1920 Larissam
471 1881 523 1919 ad
550 1885 869 1922 commentarios
889 1886 1022 1950 regios
1043 1882 1380 1933 comburendos,
1404 1896 1464 1921 ne

148 1939 199 1978 in
227 1937 403 1976 hostium
433 1942 632 1980 venirent
660 1941 924 2008 potestatem,
975 1943 1021 1981 in
1049 1941 1237 1982 Macedo*
1228 1942 1340 1990 uriam
1366 1944 1461 1985 con·

150 1995 276 2034 ceslit.
340 1988 583 2048 Quinctius,
610 2000 781 2050 captivis
802 1998 1039 2053 praedaque
1057 1999 1343 2048 venumdatis,
1374 2011 1465 2051 par-

148 2054 224 2093 tim
249 2055 372 2093 militi
401 2055 622 2104 concessis,
659 2056 856 2095 Larissam
888 2056 946 2096 est
974 2057 1202 2109 profectus,
1250 2054 1465 2096 haudduu'i

149 2111 243 2150 ,satis
267 2126 443 2165 gnarus,
486 2129 608 2166 quam
631 2115 842 2166 regionem
863 2114 1023 2169 petisset
1042 2130 1143 2163 rex,
1173 2113 1326 2168 quidve
1349 2126 1466 2166 pata·

149 2179 227 2208 ret.
290 2169 545 2210 Caduceator
564 2187 612 2210 eo
628 2172 767 2224 regius
795 2174 932 2219 venit,
964 2172 1098 2225 specie
1119 2182 1161 2210 ut
1188 2171 1384 2212 induciae
1407 2182 1466 2208 es-

148 2225 268 2274 sent,
296 2226 432 2265 donec
455 2230 703 2270 tollerentur
721 2228 774 2267 ad
794 2228 1066 2282 sepulturam,
1100 2230 1169 2282 qui
1190 2230 1237 2268 in
1259 2230 1345 2268 acie
1363 2226 1468 2265 ceci-

150 2283 331 2333 dissent3
366 2299 413 2323 re
435 2301 534 2325 vera
553 2286 605 2325 ad
628 2285 855 2340 petendam
874 2288 1041 2328 veniam
1070 2288 1212 2341 legatis
1235 2284 1466 2335 mittendis.

152 2343 388 2395 Utrumque
408 2346 458 2382 ab
478 2345 702 2383 Romano
693 2355 970 2397 impetratum.
1031 2345 1206 2398 Adjecta
1225 2356 1264 2384 et
1282 2344 1354 2384 illa
1373 2337 1468 2390 vox,

151 2399 248 2438 bono
275 2402 395 2441 animo
429 2399 495 2452 effe
524 2416 650 2458 regam
679 2415 724 2440 ut
743 2401 925 2456 juberet:
965 2417 1069 2457 quae
1091 2403 1271 2442 maxime
1301 2401 1470 2442 Aetolos

88 2490 96 2493 ⁴
148 2456 364 2512 offendit,
405 2459 509 2512 jam
518 2470 726 2502 tumentes
764 2471 1088 2516 querentesque,
1135 2473 1321 2501 mutatum
1348 2456 1469 2499 vidtu-

1406 2525 1470 2555 ΝΒ
