1548 2703
333 83 335 89 ¹
379 75 410 112 L
438 73 456 112 1
487 73 520 110 B
551 71 587 111 E
614 73 653 110 R
695 72 860 110 XXXII.
920 74 1030 112 CAr.
1053 75 1086 114 1.
1337 77 1393 126 47

326 152 343 166 Χ
410 144 459 180 U.
483 143 526 179 C.
546 143 643 186 553.
733 161 738 164 ⁴
774 153 809 178 a.
833 141 874 178 C.
896 141 948 178 N.
975 154 1076 192 199·.

460 277 498 319 L
534 279 553 320 I
586 276 621 318 B
657 278 692 320 E
727 277 767 321 R
832 276 1021 322 XXXII.

81 389 117 430 Ῑ.
148 351 373 426 Consules
393 397 705 440 praetoresque,
735 399 827 424 cum
847 382 988 426 Idibus
1011 385 1169 424 Martiis
1189 383 1396 437 magistra-

81 455 167 485 tum
192 443 388 491 inissent,
427 444 661 495 provincias
682 443 810 481 sortiti
833 442 938 481 sunt.
996 444 1042 486 L,
1062 443 1259 481 Cornelio
1291 444 1398 481 Len'-

81 504 167 552 tulo
188 502 325 549 Italia,
362 502 401 538 P.
426 501 550 540 Villio
583 500 854 549 Macedonia3
883 501 1161 553 praetoribus,
1195 502 1238 537 L.
1262 500 1396 549 Quin-

81 561 163 598 ctio
193 560 373 604 urbana,
414 557 490 595 Cn.
512 558 665 595 Baebio
685 556 952 607 Ariminum,
981 560 1026 598 L.
1050 557 1217 597 Valerio
1241 556 1394 606 Sicilia,

80 617 127 656 1..
158 615 282 655 Villio
325 613 515 654 Sardinia
555 615 707 654 evcnit.
775 616 975 653 Lentulus
1005 615 1147 653 consul
1179 626 1309 652 novas
1339 615 1396 651 le-

80 673 224 726 giones
252 670 431 710 seribere
459 670 605 724 jussum,
652 671 799 710 Villius
829 686 851 710 a
882 673 922 711 P.
947 673 1125 725 Sulpicio
1163 671 1395 709 exercitum

81 730 281 783 accipere.
338 729 386 767 in
404 728 739 782 supplementum
761 730 866 782 ejus,
898 741 1098 782 quantum
1129 729 1306 767 militum
1337 728 1394 779 vi-

81 787 272 834 deretur,
308 797 352 824 ut
372 785 590 835 scriberet,
613 784 693 838 ¹ipsi
714 786 967 839 permissum.
1031 787 1211 825 Praetori
1238 785 1394 823 Baebio

80 845 278 898 legiones,
311 856 407 895 quas
427 845 468 882 C.
487 842 681 882 Aurelius
702 844 840 882 consul
862 843 1078 893 habuisset,
1109 845 1164 882 ita
1185 842 1391 890 ‹ic-reme,

81 912 126 942 ut
158 902 361 944 ¹retineret
390 914 479 951 eas,
521 900 657 939 donec
687 901 825 939 consul
850 916 961 940 novo
985 916 1078 940 cum
1108 902 1291 940 exercitu
1308 898 1392 938 sue-

82 958 262 998 cederet.
320 958 371 1001 in
388 957 566 998 Galliam
590 958 659 996 ubi
684 959 717 997 is
739 958 938 1007 venisset,
976 973 1122 997 omnes
1151 956 1302 996 milites
1323 970 1392 995 ex-

82 1016 279 1056 auctorati
308 1013 475 1054 domum
509 1016 845 1063 dimitterentur,
871 1027 1035 1069 praeter
1056 1017 1240 1069 quinque
1259 1014 1393 1053 millia

81 1073 248 1112 socium.
307 1072 370 1111 his
402 1074 583 1111 obtineri
612 1073 721 1111 circa
748 1074 986 1112 Ariminum
1018 1073 1275 1126 provinciam
1297 1071 1394 1125 satis,

81 1129 176 1170 esse.
233 1131 447 1184 Proro-gato
472 1130 647 1183 imperio
671 1132 927 1182 praetoribus
950 1131 1098 1184 prioris
1124 1131 1252 1178 anni,
1291 1129 1390 1177 (Cn.

84 1187 244 1240 Sergio,
279 1198 321 1224 ut
341 1188 561 1233 militibus,
588 1188 654 1239 qui
678 1189 724 1225 in
747 1186 965 1241 Hispania,
1000 1188 1158 1236 Sicilia,
1197 1185 1392 1225 Sardinia

82 1243 289 1297 stipendia
322 1258 397 1296 per
424 1245 571 1282 multos
601 1254 736 1282 annos
764 1243 975 1293 fecissent,
1016 1259 1155 1298 agrum
1185 1243 1392 1298 assignan-

83 1300 183 1341 dum
202 1312 384 1339 curaret:
416 1302 464 1351 Q.
488 1301 696 1350 Minucio,
737 1313 781 1340 ut
806 1303 853 1341 in
886 1303 1053 1340 Bruttiis
1076 1301 1185 1339 idern
1218 1300 1270 1339 de
1291 1314 1389 1339 con-

80 1359 352 1412 jurationibus
379 1357 634 1411 quaestiones
651 1389 660 1406 ,
683 1373 782 1412 quas
806 1370 973 1413 praetor
992 1374 1084 1397 cum
1108 1359 1186 1397 fide
1207 1371 1388 1411 curaque

82 1414 343 1463 exercuisset,
373 1416 613 1469 perficeret3
651 1429 690 1454 et
710 1430 801 1466 eos,
841 1430 944 1470 quos
973 1412 1172 1469 sacrilegii
1201 1429 1389 1469 comper-

82 1473 211 1518 tos‘in
229 1473 405 1512 vinculis
427 1474 604 1512 Romam
625 1473 812 1523 milisset,
845 1477 994 1513 Locros
1022 1476 1201 1513 mitteret
1226 1473 1276 1511 ad
1298 1472 1393 1527 [αρε

80 1531 271 1585 plicium3
304 1545 486 1583 quaeque
509 1530 660 1569 sublata
683 1546 733 1570 ex
754 1531 927 1570 delubro
953 1531 1219 1584 Proserpinae
1240 1529 1386 1578 essent,

81 1586 328 1642 reponenda
340 1602 431 1626 cum
445 1589 613 1641 piaculis
626 1591 806 1637 curaret)
821 1588 947 1628 feriae
961 1589 1128 1627 Latinae
1144 1588 1388 1641 pontificum

82 1644 251 1699 decreto
267 1644 512 1684 instauratae
533 1645 647 1695 sunt;
678 1645 785 1700 quod
819 1647 939 1703 legati
959 1648 1010 1685 ab
1028 1645 1170 1684 Ardea
1191 1644 1317 1698 questi
1338 1645 1388 1683 in

81 1700 225 1742 senatu
247 1714 388 1751 erant,
420 1702 493 1741 fibi
513 1705 559 1742 in
577 1715 719 1742 monte
746 1704 913 1742 Albano
937 1705 1094 1742 Latinis
1122 1717 1314 1750 carnem,
1342 1714 1388 1749 ut

82 1758 243 1809 assolet,¹
261 1758 397 1798 datam
418 1774 508 1798 non
527 1759 622 1799 esse.
681 1761 747 1800 Ab
767 1761 904 1801 Suessa
927 1762 1162 1799 nuntiatum
1185 1759 1254 1808 est,
1285 1758 1386 1798 duas

81 1826 244 1870 portas,
264 1816 469 1870 'quodque
489 1819 601 1857 inter
624 1832 690 1858 eas
713 1820 822 1857 muri
842 1829 951 1867 erat,
983 1818 1034 1856 de
1065 1819 1178 1856 coelo
1210 1827 1387 1864 tactum3

48 1915 53 1925 Κ
83 1884 129 1919 et,
141 1874 354 1912 Formiani
372 1876 493 1928 legati
509 1874 656 1914 aedem
679 1878 803 1925 JoviS,
823 1877 922 1914 item
935 1875 1140 1915 Ostienses
1159 1874 1301 1913 aedem
1322 1874 1386 1913 Jo-

56 1932 59 1934 ’
81 1931 154 1983 vis,
190 1942 230 1969 et
251 1931 456 1971 Veliterni
475 1932 685 1986 Apollinis
707 1944 747 1972 et
767 1935 884 1972 Sanci
906 1932 1041 1981 aedes,
1071 1944 1111 1971 et
1129 1933 1174 1971 in
1196 1931 1386 1970 Herculis

79 1985 183 2034 ae'de
203 1989 395 2041 capillum
416 2001 606 2029 enatum:
633 2002 673 2029 et
691 2000 742 2030 e‘x
754 1990 921 2030 Bruttiis
940 1993 990 2029 ab
1014 1995 1064 2039 Q.
1087 1989 1273 2028 Minucio
1291 2002 1386 2041 pro-

49 2090 53 2097 .
77 2050 268 2098 ‘praetore
287 2045 495 2100 scriptum,
526 2049 746 2099 equuleum
766 2063 859 2086 cum
882 2049 1065 2101 quinque
1083 2046 1272 2100 pedibus,
1299 2046 1386 2099 pul-

78 2102 140 2141 los
157 2103 406 2155 gallinaceos
428 2115 509 2143 tres
533 2119 626 2143 cum
647 2107 778 2145 ternis
797 2105 994 2159 pedibus,
1019 2115 1138 2142 natos
1162 2099 1257 2141 esse.
1317 2103 1384 2140 In-

79 2157 132 2198 de
154 2173 177 2197 a
200 2161 238 2199 Ρ.
252 2159 431 2214 Sulpicio
451 2161 697 2214 proconsule
721 2177 773 2202 ex
791 2162 1039 2201 Macedonia
1059 2162 1202 2200 literae
1222 2160 1382 2208 allatae,

75 2216 289 2269 inquibus
306 2219 420 2257 inter
440 2230 578 2260 cetera
605 2219 802 2274 scriptum
822 2231 930 2269 erat,
967 2221 1150 2257 lauream
1181 2219 1227 2256 in
1253 2216 1386 2271 puppi

77 2275 195 2313 navis
216 2274 366 2328 longae
387 2287 564 2315 enatam.
601 2290 604 2292 ’
623 2280 813 2316 Priorum
833 2277 1117 2331 prodigibrum
1129 2273 1248 2314 causa
1267 2273 1384 2312 sena-

76 2330 395 2382 tus-censuerat,
424 2344 468 2372 ut
486 2333 675 2374 consules
697 2336 918 2387 majoribus
938 2334 1093 2382 hostiis,
1124 2333 1271 2385 quibus
1288 2330 1384 2372 Diis

76 2387 304 2437 videretur,
335 2389 625 2439 sacrifica-rent.
663 2395 716 2431 ob
744 2393 828 2432 hoc
856 2405 987 2430 unum
1008 2390 1242 2444 prodigium
1262 2388 1385 2426 haru-

76 2441 203 2496 spices
219 2444 269 2485 in
290 2444 476 2488 senatum
495 2450 650 2500 vocati,
679 2460 801 2503 atque
827 2463 882 2489 ex
907 2447 1105 2501 responso
1129 2460 1272 2539 eorus?
1294 2443 1385 2497 sup-

1213 2517 1241 2555 P
1261 2513 1381 2541 lCfith
