1548 2703
190 62 205 97 ss
254 45 287 86 L
306 40 326 84 Ῐ
346 43 380 96 Β
401 43 437 84 Ε
456 43 500 98 R
529 40 678 95 XLIII.
722 43 850 94 ,CxM-§.⁴
871 34 1135 93 XVLXVIT.
1159 34 1166 42 ⁷
1275 34 1360 82 58¹.

300 118 354 155 U.
379 116 423 153 C.
452 117 548 160 583.
779 125 813 159 a.
837 113 881 150 C.
905 111 959 151 N.
986 111 1077 161 1692

12 188 348 250 ¹1·1egat·unt‚=l'e
377 195 493 248 prius
523 192 751 245 quidquam
781 189 941 244 publici
971 188 1127 242 negotii
1156 185 1352 241 gesturoS‚

10 268 151 306 ‚quam
175 251 376 303 judicium
404 250 550 304 populi
580 249 633 288 de
657 248 699 288 se
728 247 881 286 factum
915 246 1027 285 esset.
1089 245 1205 283 Prior
1234 243 1355 282 Clau-

1 342 10 348 .,
25 310 119 349 dius
138 309 301 349 causam
322 308 449 347 dixit:
481 318 544 356 et,
576 321 671 345 cum
695 321 747 345 ex
770 304 993 344 duodecim
1013 301 1215 342 centuriis
1240 300 1377 353 equi--

24 377 112 407 tum
137 378 228 406 octo
250 366 466 420 censorem
488 355 856 416 condemnassent,
883 355 1120 415 multaeque
1145 358 1250 396 aliae
1268 357 1357 411 pri-

24 438 119 464 mae
140 423 521 476 cla'ffis‚'ext'emplo
539 422 755 475 principes
775 419 950 459 civitatis
970 418 1018 457 in
1036 415 1262 469 conspectu
1282 427 1354 467 po-

6 483 127 538 ⁸puli,
161 481 330 520 annulis
350 481 486 518 aureis
508 478 659 532 politis,
689 477 843 517 vestem
867 485 1108 524 mutarunt,
1135 484 1180 512 ut
1203 471 1356 526 suppli-

25 554 94 579 ces
116 540 289 592 plebem·
303 537 589 582 circumirent.
627 536 813 575 Maxime
832 545 977 573 tamen
989 531 1243 572 sententiam
1263 541 1355 568 ver-

23 596 117 636 tisse
138 595 290 635 dicitur
309 595 374 635 Ti.
390 594 642 643 Gracchus,
680 592 789 646 quod
804 622 815 641 ,
855 607 951 631 cum
977 592 1134 629 clamor
1148 600 1152 604 ’
1166 586 1356 639 undique

22 653 157 708 plebis
186 651 311 702 esset,
367 652 601 706 periculum
632 650 827 690 Graccho
860 663 954 690 non
983 647 1088 696 effe,
1138 642 1354 697 conceptis

22 712 163 751 verbis
182 711 343 763 juravit,
375 709 405 748 fi
429 710 587 762 collega
611 707 834 746 damnatus
855 706 976 755 esset,
1007 719 1102 744 non
1122 702 1354 757 exspectato

23 768 79 808 de
100 767 340 821 sejudicio,
382 767 577 805 comitem
608 765 739 804 exfilii
773 765 859 817 ejus
886 763 1086 803 futurum.
1136 760 1267 800 -Adeo
1296 768 1354 796 ta-

22 840 130 865 men
148 824 201 874 ad
225 836 459 863 extremum
477 823 564 876 spei
583 823 701 862 venit
720 833 839 870 reus,
867 832 912 860 ut
936 831 1030 859 octo
1053 819 1269 859 centuriae
1300 813 1355 854 ad

22 883 342 922 damnationem
374 880 602 920 defuerint.
680 878 883 919 Absolute>
915 876 1112 927 Claudio,
1159 876 1354 915 tribunus

21 941 157 997 plebis
181 940 350 993 negavit
371 938 413 978 fe
433 938 674 978 Gracchum
696 938 867 976 morari.

136 1057 269 1097 XVII.
327 1054 390 1094 Eo
410 1068 541 1104 anno,
570 1054 875 1109 postulantibus
896 1050 1227 1107 Aquileiensium
1248 1050 1357 1104 lega-

24 1116 98 1164 tis,
129 1126 173 1152 ut
193 1126 420 1152 numerum
443 1114 693 1152 colonorum
717 1123 910 1165 augeret,
940 1112 1055 1149 mille
1084 1121 1124 1155 et
1150 1109 1357 1162 quingen-

23 1184 90 1212 tae
103 1171 288 1210 familiae
305 1185 357 1209 ex
370 1169 729 1209 senatusconsulto
742 1169 931 1223 scriptae,
952 1167 1257 1219 triumvirique,
1284 1162 1357 1216 qui

26 1244 95 1270 eas
112 1229 398 1275 deducerent,
430 1226 537 1267 missi
567 1227 681 1277 sunt,
721 1228 769 1265 T.
791 1225 961 1265 Annius
987 1224 1159 1273 Luscus,
1205 1224 1245 1261 P.
1271 1220 1358 1259 De-

25 1288 114 1327 cius
146 1286 322 1334 Subulo,
363 1286 419 1324 M.
449 1286 671 1323 Cornelius
703 1284 919 1337 Cethegus.
980 1281 1143 1321 Eodem
1174 1293 1291 1319 anno
1312 1278 1356 1316 C.

24 1345 223 1398 Popillius
249 1354 290 1381 et
317 1344 396 1380 Cn.
421 1343 615 1381 Octavius
645 1342 789 1394 legati,
824 1342 894 1394 qui
922 1342 970 1379 in
993 1340 1218 1380 Graeciam
1247 1333 1358 1374 miffi

25 1403 163 1450 erant,
188 1399 607 1447 senatusconsultum,
639 1400 798 1438 Thebis
820 1400 1004 1452 primum
1025 1397 1257 1444 recitatum,
1280 1405 1359 1446 per

25 1466 174 1500 omnes
192 1456 473 1511 -Peloponnefi
496 1459 621 1495 urbes
642 1457 1006 1504 circumtulerunt,
1044 1454 1107 1492 Ne
1133 1455 1221 1506 quis
1245 1449 1359 1491 ullam

24 1530 109 1557 rem
138 1513 342 1555 inbellum
372 1513 656 1569 magzstratibus
688 1513 868 1553 Romanis
900 1512 1121 1564 conferret,
1179 1521 1359 1562 praeter-

23 1587 137 1628 quam
164 1571 268 1626 quod
288 1570 443 1625 senatus
467 1571 672 1626 censuisset.
734 1573 826 1610 Hoc
857 1570 1051 1609 fiduciam
1074 1570 1123 1608 in
1144 1566 1359 1621 posterum.

24 1645 189 1686 quoque
226 1632 498 1683 praebuerat,
553 1630 710 1668 levatos
731 1628 786 1668 'se
826 1629 1026 1667 oneribus
1062 1624 1359 1685 impensisque,

24 1689 187 1744 quibus,
218 1688 298 1727 alia
318 1688 407 1725 aliis
426 1687 746 1740 imperantibus,
778 1687 1147 1726 exhauriebantur.
1203 1681 1358 1721 Achai-

24 1761 77 1786 co
115 1746 305 1785 concilio>
334 1742 457 1797 Argis
493 1745 663 1797 agitato,
724 1745 912 1798 benigne
960 1743 1087 1782 locuti
1128 1739 1354 1792 auditique,

24 1804 187 1858 egregia
209 1802 279 1856 [pe
297 1800 426 1841 futuri
446 1801 568 1840 [tatus
592 1800 778 1840 fidisfima
807 1811 932 1856 gente
959 1801 1126 1849 relicta,
1162 1799 1211 1838 in
1231 1796 1356 1836 Aeto·-

17 1863 124 1902 'liam
148 1861 417 1912 trajecerunt.
479 1860 543 1898 Ibi
565 1858 762 1913 nondum
781 1858 952 1912 quidem
974 1857 1117 1897 seditio
1139 1865 1252 1904 erat,
1281 1850 1355 1892 sed

10 1919 169 1959 >omnia
190 1917 385 1970 suspecta,
409 1917 720 1970 criminumque
739 1918 853 1955 inter
869 1915 977 1971 ipsos
999 1917 1140 1970 plena.
1176 1915 1228 1952 ob
1248 1923 1355 1965 quae

25 1976 233 2027 obsidibus
254 1973 466 2028 postulatis
480 2005 491 2024 ,
522 1989 661 2028 neque
684 1975 797 2014 exitu
818 1974 881 2013 rei
905 1972 1095 2027 imposito
1109 2002 1120 2019 ,
1158 1973 1207 2011 in
1228 1969 1357 2009 Acar-

24 2035 202 2075 naniam
223 2031 328 2071 inde
348 2031 528 2086 profecti
550 2033 673 2085 legati
695 2032 805 2070 funt.
873 2031 1027 2083 Thyrii
1049 2029 1277 2069 concilium
1297 2027 1355 2064 le-

21 2093 127 2146 ·gatis
147 2089 397 2130 Acarnanes
427 2089 653 2129 dederunt.
710 2090 771 2129 ibi
805 2103 970 2143 quoque
1003 2089 1119 2128 inter
1148 2086 1354 2126 factiones

25 2159 375 2189 erat-certamen:
401 2146 573 2200 quidam
593 2148 835 2203 principum
851 2146 1071 2200 postulare,
1093 2156 1138 2183 ut
1149 2141 1356 2198 praesidia.

24 2207 75 2246 in
104 2207 225 2246 urbes
255 2204 688 2244 suaswinducerentur
718 2203 914 2245 adversus
933 2204 1160 2243 amentiam
1192 2214 1353 2249 eorum,

27 2264 101 2318 qui
121 2262 173 2301 ad
194 2262 446 2301 Macedonas
465 2273 636 2315 gentem
654 2263 902 2301 trahebant:
934 2275 1029 2315 pars
1050 2259 1261 2308 recusare,
1280 2271 1359 2306 ne,

25 2319 140 2374 quod
164 2321 275 2358 bello
293 2321 423 2374 captis
451 2330 490 2358 et
512 2320 693 2358 hostibus
714 2333 804 2358 mos
826 2318 949 2367 esset,
980 2319 1024 2357 id
1047 2329 1216 2372 pacatae
1237 2326 1277 2354 et
1296 2313 1358 2352 so·

24 2379 113 2417 ciae
127 2377 310 2424 civitates
323 2377 583 2431 ignominiae
594 2378 848 2430 acciperent.
877 2375 986 2415 justa
1000 2375 1239 2430 deprecatio
1250 2373 1354 2411 haee

24 2434 121 2477 visa.
181 2434 380 2475 Larissam
399 2434 454 2474 ad
484 2434 704 2475 Hostilium
736 2433 1031 2487 proconsulem
1062 2435 1134 2483 (ab
1153 2447 1205 2473 eo
1237 2430 1355 2469 enim

371 2507 374 2510 “
713 2493 785 2532 Oo
814 2495 842 2536 3
1246 2485 1356 2526 miffi
