<?xml version="1.0" encoding="UTF-8"?>
<!DOCTYPE html PUBLIC "-//W3C//DTD XHTML 1.0 Transitional//EN"
    "http://www.w3.org/TR/xhtml1/DTD/xhtml1-transitional.dtd">
<html xmlns="http://www.w3.org/1999/xhtml" xml:lang="en" lang="en">
 <head>
  <title>
</title>
<meta http-equiv="Content-Type" content="text/html;charset=utf-8" />
  <meta name='ocr-system' content='tesseract 3.04.00' />
  <meta name='ocr-capabilities' content='ocr_page ocr_carea ocr_par ocr_line ocrx_word'/>
</head>
<body>
  <div class='ocr_page' id='page_1' title='image "./historiarumlib03livyuoft_0280.png"; bbox 0 0 1548 2703; ppageno 0'>
   <div class='ocr_carea' id='block_1_1' title="bbox 129 52 1254 106">
    <p class='ocr_par' dir='ltr' id='par_1_1' title="bbox 129 52 1254 106">
     <span class='ocr_line' id='line_1_1' title="bbox 129 52 1254 106; baseline 0.004 -13"><span class='ocrx_word' id='word_1_1' title='bbox 129 58 214 106; x_wconf 60' lang='lat'><strong>274</strong></span> <span class='ocrx_word' id='word_1_2' title='bbox 348 52 556 95; x_wconf 77' lang='lat' dir='ltr'>L&#39;IBER</span> <span class='ocrx_word' id='word_1_3' title='bbox 595 58 806 98; x_wconf 74' lang='lat' dir='ltr'>XXXVII:</span> <span class='ocrx_word' id='word_1_4' title='bbox 830 76 834 80; x_wconf 96' lang='lat'><em>·</em></span> <span class='ocrx_word' id='word_1_5' title='bbox 864 60 930 98; x_wconf 63' lang='lat' dir='ltr'><strong>CA</strong></span> <span class='ocrx_word' id='word_1_6' title='bbox 947 74 978 97; x_wconf 80' lang='lat' dir='ltr'><strong>P.</strong></span> <span class='ocrx_word' id='word_1_7' title='bbox 1013 60 1106 98; x_wconf 75' lang='lat' dir='ltr'><strong>XII.</strong></span> <span class='ocrx_word' id='word_1_8' title='bbox 1132 56 1254 98; x_wconf 60' lang='lat' dir='ltr'><strong>xm.</strong></span> 
     </span>
    </p>
   </div>
   <div class='ocr_carea' id='block_1_2' title="bbox 123 175 1472 195">
    <p class='ocr_par' dir='ltr' id='par_1_2' title="bbox 123 175 1472 195">
     <span class='ocr_line' id='line_1_2' title="bbox 123 175 1472 195; baseline 0.005 -8"><span class='ocrx_word' id='word_1_9' title='bbox 123 179 930 191; x_wconf 71' lang='lat'><em>——-——-————--—-———.-—</em></span> <span class='ocrx_word' id='word_1_10' title='bbox 937 175 1472 195; x_wconf 30' lang='lat' dir='ltr'><strong>——L———ss</strong></span> 
     </span>
    </p>
   </div>
   <div class='ocr_carea' id='block_1_3' title="bbox 125 205 1544 264">
    <p class='ocr_par' dir='ltr' id='par_1_3' title="bbox 125 205 1544 264">
     <span class='ocr_line' id='line_1_3' title="bbox 125 205 1544 264; baseline 0.004 -21"><span class='ocrx_word' id='word_1_11' title='bbox 125 215 241 254; x_wconf 86' lang='lat' dir='ltr'><strong>ortu,</strong></span> <span class='ocrx_word' id='word_1_12' title='bbox 275 220 329 245; x_wconf 80' lang='lat' dir='ltr'><strong>ex</strong></span> <span class='ocrx_word' id='word_1_13' title='bbox 352 221 433 260; x_wconf 91' lang='lat' dir='ltr'><strong>quo</strong></span> <span class='ocrx_word' id='word_1_14' title='bbox 457 205 605 244; x_wconf 88' lang='lat' dir='ltr'><strong>statum</strong></span> <span class='ocrx_word' id='word_1_15' title='bbox 640 208 746 245; x_wconf 84' lang='lat' dir='ltr'><strong>coeli</strong></span> <span class='ocrx_word' id='word_1_16' title='bbox 773 219 925 246; x_wconf 83' lang='lat' dir='ltr'><strong>notare</strong></span> <span class='ocrx_word' id='word_1_17' title='bbox 955 211 1258 261; x_wconf 79' lang='lat' dir='ltr'>gubernatores</span> <span class='ocrx_word' id='word_1_18' title='bbox 1291 208 1482 264; x_wconf 40' lang='lat' dir='ltr'><strong>possentss</strong></span> <span class='ocrx_word' id='word_1_19' title='bbox 1543 255 1544 259; x_wconf 12' lang='grc' dir='ltr'><strong>Ἰ</strong></span> 
     </span>
    </p>
   </div>
   <div class='ocr_carea' id='block_1_4' title="bbox 126 263 1470 317">
    <p class='ocr_par' dir='ltr' id='par_1_4' title="bbox 126 263 1470 317">
     <span class='ocr_line' id='line_1_4' title="bbox 126 263 1470 317; baseline 0.003 -16"><span class='ocrx_word' id='word_1_20' title='bbox 126 263 175 302; x_wconf 88' lang='lat' dir='ltr'><strong>in</strong></span> <span class='ocrx_word' id='word_1_21' title='bbox 210 264 418 303; x_wconf 79' lang='lat' dir='ltr'><strong>incertam</strong></span> <span class='ocrx_word' id='word_1_22' title='bbox 459 264 750 317; x_wconf 78' lang='lat' dir='ltr'><strong>tempestatem·</strong></span> <span class='ocrx_word' id='word_1_23' title='bbox 781 264 1004 304; x_wconf 85' lang='lat' dir='ltr'><strong>miserunt.</strong></span> <span class='ocrx_word' id='word_1_24' title='bbox 1065 266 1208 305; x_wconf 76' lang='lat' dir='ltr'><strong>‘Medio</strong></span> <span class='ocrx_word' id='word_1_25' title='bbox 1245 268 1294 306; x_wconf 83' lang='lat' dir='ltr'><strong>in</strong></span> <span class='ocrx_word' id='word_1_26' title='bbox 1332 267 1470 317; x_wconf 88' lang='lat' dir='ltr'><strong>cursu,</strong></span> 
     </span>
    </p>
   </div>
   <div class='ocr_carea' id='block_1_5' title="bbox 127 321 1478 434">
    <p class='ocr_par' dir='ltr' id='par_1_5' title="bbox 127 321 1478 434">
     <span class='ocr_line' id='line_1_5' title="bbox 127 321 1478 378; baseline 0.004 -19"><span class='ocrx_word' id='word_1_27' title='bbox 127 322 328 373; x_wconf 82' lang='lat' dir='ltr'><strong>aquilone</strong></span> <span class='ocrx_word' id='word_1_28' title='bbox 356 323 405 361; x_wconf 91' lang='lat' dir='ltr'><strong>in</strong></span> <span class='ocrx_word' id='word_1_29' title='bbox 437 321 784 375; x_wconf 79' lang='lat' dir='ltr'>septemtrionem</span> <span class='ocrx_word' id='word_1_30' title='bbox 820 322 964 373; x_wconf 84' lang='lat' dir='ltr'><strong>verso,</strong></span> <span class='ocrx_word' id='word_1_31' title='bbox 1007 323 1250 378; x_wconf 80' lang='lat' dir='ltr'><strong>exasperato</strong></span> <span class='ocrx_word' id='word_1_32' title='bbox 1280 325 1478 367; x_wconf 78' lang='lat' dir='ltr'><strong>fluetibus</strong></span> 
     </span>
     <span class='ocr_line' id='line_1_6' title="bbox 129 380 1476 434; baseline 0.003 -18"><span class='ocrx_word' id='word_1_33' title='bbox 129 380 239 418; x_wconf 84' lang='lat' dir='ltr'><strong>mar-i</strong></span> <span class='ocrx_word' id='word_1_34' title='bbox 271 380 418 434; x_wconf 79' lang='lat' dir='ltr'><strong>jactari</strong></span> <span class='ocrx_word' id='word_1_35' title='bbox 448 390 695 434; x_wconf 85' lang='lat' dir='ltr'><strong>coeperunt.</strong></span> <span class='ocrx_word' id='word_1_36' title='bbox 982 390 984 395; x_wconf 84' lang='grc'>’</span> <span class='ocrx_word' id='word_1_37' title='bbox 1070 386 1080 396; x_wconf 77' lang='grc'>”</span> <span class='ocrx_word' id='word_1_38' title='bbox 1469 390 1476 399; x_wconf 87' lang='grc'><strong>’</strong></span> 
     </span>
    </p>
   </div>
   <div class='ocr_carea' id='block_1_6' title="bbox 132 494 1489 2545">
    <p class='ocr_par' dir='ltr' id='par_1_6' title="bbox 132 494 1489 2544">
     <span class='ocr_line' id='line_1_7' title="bbox 220 494 1470 551; baseline 0.003 -19"><span class='ocrx_word' id='word_1_39' title='bbox 220 495 355 535; x_wconf 66' lang='grc' dir='ltr'>’ΧῙΠ.</span> <span class='ocrx_word' id='word_1_40' title='bbox 417 496 720 548; x_wconf 76' lang='lat' dir='ltr'>Polyxenidas,</span> <span class='ocrx_word' id='word_1_41' title='bbox 753 497 923 536; x_wconf 83' lang='lat' dir='ltr'>Samum</span> <span class='ocrx_word' id='word_1_42' title='bbox 947 498 1151 551; x_wconf 80' lang='lat' dir='ltr'><strong>petituros</strong></span> <span class='ocrx_word' id='word_1_43' title='bbox 1182 508 1295 536; x_wconf 84' lang='lat' dir='ltr'><strong>ratus</strong></span> <span class='ocrx_word' id='word_1_44' title='bbox 1318 494 1470 546; x_wconf 78' lang='lat' dir='ltr'><strong>hostes,</strong></span> 
     </span>
     <span class='ocr_line' id='line_1_8' title="bbox 133 551 1472 608; baseline 0 -16"><span class='ocrx_word' id='word_1_45' title='bbox 133 563 179 592; x_wconf 83' lang='lat' dir='ltr'><strong>ut</strong></span> <span class='ocrx_word' id='word_1_46' title='bbox 198 551 238 591; x_wconf 85' lang='lat' dir='ltr'><strong>se</strong></span> <span class='ocrx_word' id='word_1_47' title='bbox 262 554 456 592; x_wconf 81' lang='lat' dir='ltr'>Rhodiae</span> <span class='ocrx_word' id='word_1_48' title='bbox 480 553 592 592; x_wconf 65' lang='lat' dir='ltr'><strong>classi</strong></span> <span class='ocrx_word' id='word_1_49' title='bbox 615 555 950 608; x_wconf 74' lang='lat' dir='ltr'><strong>conjungerent,</strong></span> <span class='ocrx_word' id='word_1_50' title='bbox 981 557 1032 593; x_wconf 81' lang='lat' dir='ltr'><strong>ab</strong></span> <span class='ocrx_word' id='word_1_51' title='bbox 1052 555 1220 608; x_wconf 78' lang='lat' dir='ltr'>Epheso</span> <span class='ocrx_word' id='word_1_52' title='bbox 1242 554 1472 607; x_wconf 76' lang='lat' dir='ltr'><strong>profectus,</strong></span> 
     </span>
     <span class='ocr_line' id='line_1_9' title="bbox 132 611 1471 665; baseline 0.001 -17"><span class='ocrx_word' id='word_1_53' title='bbox 132 611 274 665; x_wconf 81' lang='lat' dir='ltr'><strong>primo</strong></span> <span class='ocrx_word' id='word_1_54' title='bbox 295 611 345 649; x_wconf 87' lang='lat' dir='ltr'><strong>ad</strong></span> <span class='ocrx_word' id='word_1_55' title='bbox 367 612 651 663; x_wconf 71' lang='lat' dir='ltr'>Myonnesum</span> <span class='ocrx_word' id='word_1_56' title='bbox 673 612 803 651; x_wconf 80' lang='lat' dir='ltr'><strong>stetit:</strong></span> <span class='ocrx_word' id='word_1_57' title='bbox 834 612 937 650; x_wconf 88' lang='lat' dir='ltr'><strong>inde</strong></span> <span class='ocrx_word' id='word_1_58' title='bbox 961 611 1014 650; x_wconf 86' lang='lat' dir='ltr'><strong>ad</strong></span> <span class='ocrx_word' id='word_1_59' title='bbox 1038 613 1205 651; x_wconf 65' lang='lat' dir='ltr'><strong>[vtaerin</strong></span> <span class='ocrx_word' id='word_1_60' title='bbox 1236 614 1379 665; x_wconf 84' lang='lat' dir='ltr'><strong>(quam</strong></span> <span class='ocrx_word' id='word_1_61' title='bbox 1402 626 1471 651; x_wconf 88' lang='lat' dir='ltr'><strong>vo-</strong></span> 
     </span>
     <span class='ocr_line' id='line_1_10' title="bbox 135 668 1472 723; baseline -0.001 -16"><span class='ocrx_word' id='word_1_62' title='bbox 135 669 261 717; x_wconf 82' lang='lat' dir='ltr'><strong>cant)</strong></span> <span class='ocrx_word' id='word_1_63' title='bbox 290 669 470 708; x_wconf 87' lang='lat' dir='ltr'><strong>insulam</strong></span> <span class='ocrx_word' id='word_1_64' title='bbox 491 670 676 722; x_wconf 74' lang='lat' dir='ltr'><strong>trajecit,</strong></span> <span class='ocrx_word' id='word_1_65' title='bbox 704 681 748 707; x_wconf 89' lang='lat' dir='ltr'><strong>ut·</strong></span> <span class='ocrx_word' id='word_1_66' title='bbox 768 670 1131 723; x_wconf 76' lang='lat' dir='ltr'><strong>praetervehentis</strong></span> <span class='ocrx_word' id='word_1_67' title='bbox 1160 669 1293 708; x_wconf 75' lang='lat' dir='ltr'><strong>elassis</strong></span> <span class='ocrx_word' id='word_1_68' title='bbox 1317 668 1345 707; x_wconf 81' lang='lat' dir='ltr'><strong>si</strong></span> <span class='ocrx_word' id='word_1_69' title='bbox 1370 679 1472 722; x_wconf 81' lang='lat' dir='ltr'><strong>quas</strong></span> 
     </span>
     <span class='ocr_line' id='line_1_11' title="bbox 136 726 1482 781; baseline -0.001 -15"><span class='ocrx_word' id='word_1_70' title='bbox 136 728 385 766; x_wconf 79' lang='lat' dir='ltr'><strong>aberrantes</strong></span> <span class='ocrx_word' id='word_1_71' title='bbox 414 740 467 765; x_wconf 83' lang='lat' dir='ltr'><strong>ex</strong></span> <span class='ocrx_word' id='word_1_72' title='bbox 495 728 663 780; x_wconf 80' lang='lat' dir='ltr'><strong>agmine</strong></span> <span class='ocrx_word' id='word_1_73' title='bbox 695 740 823 766; x_wconf 83' lang='lat' dir='ltr'><strong>naves</strong></span> <span class='ocrx_word' id='word_1_74' title='bbox 846 727 1001 781; x_wconf 83' lang='lat' dir='ltr'><strong>posset,</strong></span> <span class='ocrx_word' id='word_1_75' title='bbox 1033 738 1102 766; x_wconf 86' lang='lat' dir='ltr'><strong>aut</strong></span> <span class='ocrx_word' id='word_1_76' title='bbox 1123 726 1378 780; x_wconf 83' lang='lat' dir='ltr'><strong>postremum</strong></span> <span class='ocrx_word' id='word_1_77' title='bbox 1408 738 1482 779; x_wconf 54' lang='lat' dir='ltr'><strong>agr</strong></span> 
     </span>
     <span class='ocr_line' id='line_1_12' title="bbox 136 783 1476 838; baseline -0.003 -14"><span class='ocrx_word' id='word_1_78' title='bbox 136 799 239 824; x_wconf 88' lang='lat' dir='ltr'><strong>men</strong></span> <span class='ocrx_word' id='word_1_79' title='bbox 259 795 499 838; x_wconf 84' lang='lat' dir='ltr'>opportune</span> <span class='ocrx_word' id='word_1_80' title='bbox 519 784 771 823; x_wconf 82' lang='lat' dir='ltr'><strong>adoriretur.</strong></span> <span class='ocrx_word' id='word_1_81' title='bbox 803 785 1019 838; x_wconf 87' lang='lat' dir='ltr'><strong>Postquam</strong></span> <span class='ocrx_word' id='word_1_82' title='bbox 1032 784 1215 837; x_wconf 76' lang='lat' dir='ltr'><strong>sparsam</strong></span> <span class='ocrx_word' id='word_1_83' title='bbox 1230 783 1476 837; x_wconf 79' lang='lat' dir='ltr'><strong>tempestate</strong></span> 
     </span>
     <span class='ocr_line' id='line_1_13' title="bbox 137 839 1483 894; baseline -0.003 -13"><span class='ocrx_word' id='word_1_84' title='bbox 137 840 305 881; x_wconf 78' lang='lat' dir='ltr'><strong>classem</strong></span> <span class='ocrx_word' id='word_1_85' title='bbox 326 841 444 887; x_wconf 82' lang='lat' dir='ltr'><strong>vidit,</strong></span> <span class='ocrx_word' id='word_1_86' title='bbox 466 840 728 880; x_wconf 76' lang='lat' dir='ltr'><strong>occasionem</strong></span> <span class='ocrx_word' id='word_1_87' title='bbox 749 843 887 894; x_wconf 87' lang='lat' dir='ltr'><strong>primo</strong></span> <span class='ocrx_word' id='word_1_88' title='bbox 908 841 1183 894; x_wconf 83' lang='lat' dir='ltr'><strong>aggrediendi</strong></span> <span class='ocrx_word' id='word_1_89' title='bbox 1202 852 1330 889; x_wconf 82' lang='lat' dir='ltr'><strong>ratus,</strong></span> <span class='ocrx_word' id='word_1_90' title='bbox 1346 839 1483 893; x_wconf 65' lang='lat' dir='ltr'><strong>paulu</strong></span> 
     </span>
     <span class='ocr_line' id='line_1_14' title="bbox 137 897 1473 953; baseline -0.001 -16"><span class='ocrx_word' id='word_1_91' title='bbox 137 898 228 953; x_wconf 86' lang='lat' dir='ltr'><strong>post</strong></span> <span class='ocrx_word' id='word_1_92' title='bbox 239 897 581 937; x_wconf 77' lang='lat' dir='ltr'><strong>increbrescente</strong></span> <span class='ocrx_word' id='word_1_93' title='bbox 595 908 733 946; x_wconf 84' lang='lat' dir='ltr'><strong>vento,</strong></span> <span class='ocrx_word' id='word_1_94' title='bbox 757 909 796 935; x_wconf 92' lang='lat' dir='ltr'><strong>et</strong></span> <span class='ocrx_word' id='word_1_95' title='bbox 808 899 988 951; x_wconf 76' lang='lat' dir='ltr'><strong>majores</strong></span> <span class='ocrx_word' id='word_1_96' title='bbox 999 899 1081 951; x_wconf 79' lang='lat' dir='ltr'><strong>jam</strong></span> <span class='ocrx_word' id='word_1_97' title='bbox 1096 899 1293 937; x_wconf 52' lang='lat' dir='ltr'><strong>&lt;solvente</strong></span> <span class='ocrx_word' id='word_1_98' title='bbox 1312 897 1473 944; x_wconf 80' lang='lat' dir='ltr'><strong>fluctus,</strong></span> 
     </span>
     <span class='ocr_line' id='line_1_15' title="bbox 139 953 1475 1009; baseline -0.001 -16"><span class='ocrx_word' id='word_1_99' title='bbox 139 956 236 1009; x_wconf 84' lang='lat' dir='ltr'><strong>quia</strong></span> <span class='ocrx_word' id='word_1_100' title='bbox 256 957 485 1008; x_wconf 89' lang='lat' dir='ltr'><strong>pervenire</strong></span> <span class='ocrx_word' id='word_1_101' title='bbox 503 955 544 993; x_wconf 90' lang='lat' dir='ltr'><strong>se</strong></span> <span class='ocrx_word' id='word_1_102' title='bbox 566 955 619 992; x_wconf 89' lang='lat' dir='ltr'><strong>ad</strong></span> <span class='ocrx_word' id='word_1_103' title='bbox 639 969 710 993; x_wconf 88' lang='lat' dir='ltr'><strong>eos</strong></span> <span class='ocrx_word' id='word_1_104' title='bbox 723 954 892 994; x_wconf 86' lang='lat' dir='ltr'><strong>videbat</strong></span> <span class='ocrx_word' id='word_1_105' title='bbox 904 968 997 992; x_wconf 85' lang='lat' dir='ltr'><strong>non</strong></span> <span class='ocrx_word' id='word_1_106' title='bbox 1016 954 1145 1008; x_wconf 81' lang='lat' dir='ltr'><strong>posse,</strong></span> <span class='ocrx_word' id='word_1_107' title='bbox 1169 953 1222 992; x_wconf 88' lang='lat' dir='ltr'><strong>ad</strong></span> <span class='ocrx_word' id='word_1_108' title='bbox 1233 953 1475 992; x_wconf 81' lang='lat' dir='ltr'><strong>Aethaliam</strong></span> 
     </span>
     <span class='ocr_line' id='line_1_16' title="bbox 138 1010 1481 1065; baseline -0.003 -13"><span class='ocrx_word' id='word_1_109' title='bbox 138 1012 320 1053; x_wconf 86' lang='lat' dir='ltr'><strong>insulam</strong></span> <span class='ocrx_word' id='word_1_110' title='bbox 343 1013 525 1065; x_wconf 79' lang='lat' dir='ltr'><strong>trajecit,</strong></span> <span class='ocrx_word' id='word_1_111' title='bbox 556 1023 601 1049; x_wconf 85' lang='lat' dir='ltr'><strong>ut</strong></span> <span class='ocrx_word' id='word_1_112' title='bbox 621 1010 725 1050; x_wconf 87' lang='lat' dir='ltr'><strong>inde</strong></span> <span class='ocrx_word' id='word_1_113' title='bbox 754 1012 918 1065; x_wconf 83' lang='lat' dir='ltr'><strong>poft&#39;ero</strong></span> <span class='ocrx_word' id='word_1_114' title='bbox 939 1011 1008 1049; x_wconf 89' lang='lat' dir='ltr'><strong>die</strong></span> <span class='ocrx_word' id='word_1_115' title='bbox 1031 1013 1197 1051; x_wconf 86' lang='lat' dir='ltr'><strong>Samum</strong></span> <span class='ocrx_word' id='word_1_116' title='bbox 1223 1025 1276 1050; x_wconf 82' lang='lat' dir='ltr'><strong>ex</strong></span> <span class='ocrx_word' id='word_1_117' title='bbox 1298 1012 1380 1049; x_wconf 89' lang='lat' dir='ltr'><strong>alto</strong></span> <span class='ocrx_word' id='word_1_118' title='bbox 1403 1022 1481 1063; x_wconf 66' lang='lat' dir='ltr'><strong>pe-</strong></span> 
     </span>
     <span class='ocr_line' id='line_1_17' title="bbox 139 1067 1485 1122; baseline -0.004 -13"><span class='ocrx_word' id='word_1_119' title='bbox 139 1072 281 1109; x_wconf 80' lang='lat' dir='ltr'><strong>tentes·</strong></span> <span class='ocrx_word' id='word_1_120' title='bbox 300 1083 431 1109; x_wconf 87' lang='lat' dir='ltr'><strong>naves</strong></span> <span class='ocrx_word' id='word_1_121' title='bbox 454 1068 764 1122; x_wconf 81' lang='lat' dir='ltr'><strong>aggrederetur.</strong></span> <span class='ocrx_word' id='word_1_122' title='bbox 822 1070 1031 1118; x_wconf 85' lang='lat' dir='ltr'><strong>Romani,</strong></span> <span class='ocrx_word' id='word_1_123' title='bbox 1063 1083 1159 1122; x_wconf 87' lang='lat' dir='ltr'><strong>pars</strong></span> <span class='ocrx_word' id='word_1_124' title='bbox 1186 1069 1354 1122; x_wconf 83' lang='lat' dir='ltr'><strong>exigua,</strong></span> <span class='ocrx_word' id='word_1_125' title='bbox 1390 1067 1485 1121; x_wconf 54' lang='lat' dir='ltr'><strong>pri-2</strong></span> 
     </span>
     <span class='ocr_line' id='line_1_18' title="bbox 141 1122 1474 1181; baseline -0.005 -14"><span class='ocrx_word' id='word_1_126' title='bbox 141 1129 220 1167; x_wconf 87' lang='lat' dir='ltr'><strong>mis</strong></span> <span class='ocrx_word' id='word_1_127' title='bbox 240 1128 428 1166; x_wconf 87' lang='lat' dir='ltr'><strong>tenebris</strong></span> <span class='ocrx_word' id='word_1_128' title='bbox 449 1138 616 1181; x_wconf 89' lang='lat' dir='ltr'><strong>portum</strong></span> <span class='ocrx_word' id='word_1_129' title='bbox 638 1127 799 1165; x_wconf 85' lang='lat' dir='ltr'><strong>Samiae</strong></span> <span class='ocrx_word' id='word_1_130' title='bbox 820 1125 1028 1165; x_wconf 84' lang='lat' dir='ltr'><strong>desertum</strong></span> <span class='ocrx_word' id='word_1_131' title='bbox 1050 1137 1307 1164; x_wconf 83' lang='lat' dir='ltr'><strong>tenuerunt:</strong></span> <span class='ocrx_word' id='word_1_132' title='bbox 1341 1122 1474 1163; x_wconf 84' lang='lat' dir='ltr'><strong>classis</strong></span> 
     </span>
     <span class='ocr_line' id='line_1_19' title="bbox 142 1183 1475 1237; baseline -0.004 -13"><span class='ocrx_word' id='word_1_133' title='bbox 142 1196 295 1235; x_wconf 82' lang='lat' dir='ltr'><strong>cetera,</strong></span> <span class='ocrx_word' id='word_1_134' title='bbox 320 1195 490 1223; x_wconf 74' lang='lat' dir='ltr'><strong>nectem</strong></span> <span class='ocrx_word' id='word_1_135' title='bbox 512 1195 639 1222; x_wconf 88' lang='lat' dir='ltr'><strong>totam</strong></span> <span class='ocrx_word' id='word_1_136' title='bbox 661 1185 704 1222; x_wconf 83' lang='lat' dir='ltr'><strong>in</strong></span> <span class='ocrx_word' id='word_1_137' title='bbox 732 1185 814 1221; x_wconf 84' lang='lat' dir='ltr'><strong>alto</strong></span> <span class='ocrx_word' id='word_1_138' title='bbox 835 1186 998 1237; x_wconf 82' lang='lat' dir='ltr'><strong>jactata,</strong></span> <span class='ocrx_word' id='word_1_139' title='bbox 1031 1185 1080 1223; x_wconf 91' lang='lat' dir='ltr'><strong>in</strong></span> <span class='ocrx_word' id='word_1_140' title='bbox 1100 1183 1285 1222; x_wconf 87' lang='lat' dir='ltr'><strong>eundem</strong></span> <span class='ocrx_word' id='word_1_141' title='bbox 1305 1192 1475 1236; x_wconf 85' lang='lat' dir='ltr'><strong>portum</strong></span> 
     </span>
     <span class='ocr_line' id='line_1_20' title="bbox 143 1236 1489 1295; baseline -0.003 -13"><span class='ocrx_word' id='word_1_142' title='bbox 143 1243 346 1285; x_wconf 73' lang='lat' dir='ltr'><strong>decurrit.</strong></span> <span class='ocrx_word' id='word_1_143' title='bbox 404 1243 470 1280; x_wconf 86' lang='lat' dir='ltr'><strong>Ibi</strong></span> <span class='ocrx_word' id='word_1_144' title='bbox 494 1256 546 1280; x_wconf 87' lang='lat' dir='ltr'><strong>ex</strong></span> <span class='ocrx_word' id='word_1_145' title='bbox 574 1240 798 1295; x_wconf 73' lang='lat' dir='ltr'><strong>agrestibus</strong></span> <span class='ocrx_word' id='word_1_146' title='bbox 827 1243 1017 1295; x_wconf 81' lang='lat' dir='ltr'><strong>cognito,</strong></span> <span class='ocrx_word' id='word_1_147' title='bbox 1053 1241 1235 1282; x_wconf 87' lang='lat' dir='ltr'><strong>hostium</strong></span> <span class='ocrx_word' id='word_1_148' title='bbox 1259 1253 1390 1280; x_wconf 81' lang='lat' dir='ltr'><strong>naves</strong></span> <span class='ocrx_word' id='word_1_149' title='bbox 1420 1236 1489 1278; x_wconf 73' lang='lat' dir='ltr'><strong>ad:</strong></span> 
     </span>
     <span class='ocr_line' id='line_1_21' title="bbox 143 1298 1489 1351; baseline -0.004 -11"><span class='ocrx_word' id='word_1_150' title='bbox 143 1301 384 1340; x_wconf 76' lang='lat' dir='ltr'><strong>Aethaliam</strong></span> <span class='ocrx_word' id='word_1_151' title='bbox 414 1299 545 1347; x_wconf 79' lang='lat' dir='ltr'><strong>stare,</strong></span> <span class='ocrx_word' id='word_1_152' title='bbox 585 1299 802 1337; x_wconf 78' lang='lat' dir='ltr'><strong>eonsilium</strong></span> <span class='ocrx_word' id='word_1_153' title='bbox 845 1300 1029 1337; x_wconf 81' lang='lat' dir='ltr'><strong>habitum</strong></span> <span class='ocrx_word' id='word_1_154' title='bbox 1043 1330 1055 1348; x_wconf 84' lang='lat'>,</span> <span class='ocrx_word' id='word_1_155' title='bbox 1093 1310 1232 1337; x_wconf 88' lang='lat' dir='ltr'><strong>utrum</strong></span> <span class='ocrx_word' id='word_1_156' title='bbox 1264 1298 1489 1351; x_wconf 82' lang='lat' dir='ltr'><strong>extemplo-</strong></span> 
     </span>
     <span class='ocr_line' id='line_1_22' title="bbox 145 1354 1478 1410; baseline -0.004 -12"><span class='ocrx_word' id='word_1_157' title='bbox 145 1359 541 1406; x_wconf 82' lang='lat' dir='ltr'><strong>deeernerent,-an</strong></span> <span class='ocrx_word' id='word_1_158' title='bbox 564 1356 774 1395; x_wconf 78' lang='lat' dir='ltr'><strong>Rhodiam</strong></span> <span class='ocrx_word' id='word_1_159' title='bbox 804 1356 1095 1410; x_wconf 82' lang='lat' dir='ltr'><strong>exspectarent</strong></span> <span class='ocrx_word' id='word_1_160' title='bbox 1123 1356 1305 1395; x_wconf 86' lang='lat' dir='ltr'><strong>classem.</strong></span> <span class='ocrx_word' id='word_1_161' title='bbox 1348 1354 1478 1394; x_wconf 72' lang='lat' dir='ltr'><strong>ditata</strong></span> 
     </span>
     <span class='ocr_line' id='line_1_23' title="bbox 143 1411 1476 1468; baseline -0.005 -12"><span class='ocrx_word' id='word_1_162' title='bbox 143 1432 212 1466; x_wconf 83' lang='lat' dir='ltr'><strong>re,</strong></span> <span class='ocrx_word' id='word_1_163' title='bbox 248 1418 331 1466; x_wconf 85' lang='lat' dir='ltr'><strong>(ita</strong></span> <span class='ocrx_word' id='word_1_164' title='bbox 353 1417 469 1454; x_wconf 87' lang='lat' dir='ltr'><strong>enim</strong></span> <span class='ocrx_word' id='word_1_165' title='bbox 491 1415 673 1468; x_wconf 81' lang='lat' dir='ltr'><strong>placuit)</strong></span> <span class='ocrx_word' id='word_1_166' title='bbox 705 1416 909 1467; x_wconf 84' lang='lat' dir='ltr'><strong>Corycum</strong></span> <span class='ocrx_word' id='word_1_167' title='bbox 925 1444 935 1463; x_wconf 87' lang='lat'>‚</span> <span class='ocrx_word' id='word_1_168' title='bbox 963 1414 1080 1453; x_wconf 84' lang='lat' dir='ltr'><strong>unde</strong></span> <span class='ocrx_word' id='word_1_169' title='bbox 1103 1423 1324 1462; x_wconf 85' lang='lat' dir='ltr'><strong>venerant,</strong></span> <span class='ocrx_word' id='word_1_170' title='bbox 1354 1411 1476 1465; x_wconf 78' lang='lat' dir='ltr'><strong>traje-</strong></span> 
     </span>
     <span class='ocr_line' id='line_1_24' title="bbox 145 1469 1474 1525; baseline -0.005 -11"><span class='ocrx_word' id='word_1_171' title='bbox 145 1485 309 1514; x_wconf 87' lang='lat' dir='ltr'><strong>cerunt.</strong></span> <span class='ocrx_word' id='word_1_172' title='bbox 347 1472 626 1525; x_wconf 77' lang='lat' dir='ltr'><strong>Polyxenidas</strong></span> <span class='ocrx_word' id='word_1_173' title='bbox 642 1486 822 1525; x_wconf 73' lang='lat' dir='ltr'><strong>quoque,</strong></span> <span class='ocrx_word' id='word_1_174' title='bbox 847 1486 941 1510; x_wconf 89' lang='lat' dir='ltr'><strong>eum</strong></span> <span class='ocrx_word' id='word_1_175' title='bbox 957 1471 1110 1510; x_wconf 80' lang='lat' dir='ltr'><strong>frustra</strong></span> <span class='ocrx_word' id='word_1_176' title='bbox 1128 1470 1308 1519; x_wconf 81' lang='lat' dir='ltr'><strong>stetisset,</strong></span> <span class='ocrx_word' id='word_1_177' title='bbox 1333 1469 1474 1523; x_wconf 87' lang='lat' dir='ltr'><strong>Ephe-</strong></span> 
     </span>
     <span class='ocr_line' id='line_1_25' title="bbox 147 1527 1477 1575; baseline -0.003 -5"><span class='ocrx_word' id='word_1_178' title='bbox 147 1532 237 1571; x_wconf 85' lang='lat' dir='ltr'><strong>sum</strong></span> <span class='ocrx_word' id='word_1_179' title='bbox 274 1530 414 1575; x_wconf 76' lang='lat' dir='ltr'><strong>rediit.</strong></span> <span class='ocrx_word' id='word_1_180' title='bbox 474 1531 586 1569; x_wconf 86' lang='lat' dir='ltr'><strong>Tum</strong></span> <span class='ocrx_word' id='word_1_181' title='bbox 625 1531 846 1568; x_wconf 78' lang='lat' dir='ltr'><strong>Romanae</strong></span> <span class='ocrx_word' id='word_1_182' title='bbox 880 1544 1008 1568; x_wconf 84' lang='lat' dir='ltr'><strong>naves</strong></span> <span class='ocrx_word' id='word_1_183' title='bbox 1045 1544 1174 1568; x_wconf 89' lang='lat' dir='ltr'><strong>vacuo</strong></span> <span class='ocrx_word' id='word_1_184' title='bbox 1209 1531 1261 1567; x_wconf 85' lang='lat' dir='ltr'><strong>ab</strong></span> <span class='ocrx_word' id='word_1_185' title='bbox 1291 1527 1477 1566; x_wconf 84' lang='lat' dir='ltr'><strong>hostibus</strong></span> 
     </span>
     <span class='ocr_line' id='line_1_26' title="bbox 148 1582 1476 1641; baseline -0.005 -12"><span class='ocrx_word' id='word_1_186' title='bbox 148 1590 257 1629; x_wconf 88' lang='lat' dir='ltr'><strong>mari</strong></span> <span class='ocrx_word' id='word_1_187' title='bbox 278 1590 445 1628; x_wconf 85' lang='lat' dir='ltr'><strong>Samum</strong></span> <span class='ocrx_word' id='word_1_188' title='bbox 466 1589 735 1641; x_wconf 80' lang='lat' dir='ltr'><strong>trajecerunt.</strong></span> <span class='ocrx_word' id='word_1_189' title='bbox 797 1586 957 1626; x_wconf 82' lang='lat' dir='ltr'><strong>Eodem</strong></span> <span class='ocrx_word' id='word_1_190' title='bbox 980 1598 1020 1626; x_wconf 90' lang='lat' dir='ltr'><strong>et</strong></span> <span class='ocrx_word' id='word_1_191' title='bbox 1040 1586 1209 1626; x_wconf 83' lang='lat' dir='ltr'><strong>Rhodia</strong></span> <span class='ocrx_word' id='word_1_192' title='bbox 1234 1583 1364 1624; x_wconf 82' lang='lat' dir='ltr'><strong>classis</strong></span> <span class='ocrx_word' id='word_1_193' title='bbox 1387 1582 1476 1638; x_wconf 87' lang='lat' dir='ltr'><strong>post</strong></span> 
     </span>
     <span class='ocr_line' id='line_1_27' title="bbox 148 1643 1474 1700; baseline -0.005 -13"><span class='ocrx_word' id='word_1_194' title='bbox 148 1648 238 1687; x_wconf 83' lang='lat' dir='ltr'><strong>dies</strong></span> <span class='ocrx_word' id='word_1_195' title='bbox 258 1661 411 1700; x_wconf 87' lang='lat' dir='ltr'><strong>paucos</strong></span> <span class='ocrx_word' id='word_1_196' title='bbox 434 1647 563 1685; x_wconf 84' lang='lat' dir='ltr'><strong>venit.</strong></span> <span class='ocrx_word' id='word_1_197' title='bbox 603 1660 728 1698; x_wconf 81' lang='lat' dir='ltr'><strong>quam</strong></span> <span class='ocrx_word' id='word_1_198' title='bbox 751 1656 796 1683; x_wconf 85' lang='lat' dir='ltr'><strong>ut</strong></span> <span class='ocrx_word' id='word_1_199' title='bbox 817 1643 1091 1699; x_wconf 79' lang='lat' dir='ltr'><strong>exspectatam</strong></span> <span class='ocrx_word' id='word_1_200' title='bbox 1123 1643 1205 1683; x_wconf 86' lang='lat' dir='ltr'><strong>esse</strong></span> <span class='ocrx_word' id='word_1_201' title='bbox 1236 1652 1474 1697; x_wconf 78' lang='lat' dir='ltr'><strong>appareret,</strong></span> 
     </span>
     <span class='ocr_line' id='line_1_28' title="bbox 149 1702 1478 1760; baseline -0.005 -16"><span class='ocrx_word' id='word_1_202' title='bbox 149 1704 329 1760; x_wconf 81' lang='lat' dir='ltr'><strong>profecti</strong></span> <span class='ocrx_word' id='word_1_203' title='bbox 347 1705 559 1756; x_wconf 81' lang='lat' dir='ltr'><strong>extemplo</strong></span> <span class='ocrx_word' id='word_1_204' title='bbox 579 1703 674 1741; x_wconf 87' lang='lat' dir='ltr'><strong>sunt</strong></span> <span class='ocrx_word' id='word_1_205' title='bbox 686 1702 911 1755; x_wconf 87' lang='lat' dir='ltr'><strong>Ephesum,</strong></span> <span class='ocrx_word' id='word_1_206' title='bbox 944 1714 989 1741; x_wconf 89' lang='lat' dir='ltr'><strong>ut</strong></span> <span class='ocrx_word' id='word_1_207' title='bbox 1008 1714 1076 1741; x_wconf 84' lang='lat' dir='ltr'><strong>aut</strong></span> <span class='ocrx_word' id='word_1_208' title='bbox 1098 1702 1382 1741; x_wconf 86' lang='lat' dir='ltr'><strong>decernerent</strong></span> <span class='ocrx_word' id='word_1_209' title='bbox 1401 1711 1478 1738; x_wconf 85' lang='lat' dir='ltr'><strong>na-</strong></span> 
     </span>
     <span class='ocr_line' id='line_1_29' title="bbox 150 1754 1478 1813; baseline -0.006 -10"><span class='ocrx_word' id='word_1_210' title='bbox 150 1764 232 1804; x_wconf 84' lang='lat' dir='ltr'><strong>vali</strong></span> <span class='ocrx_word' id='word_1_211' title='bbox 252 1763 498 1805; x_wconf 73' lang='lat' dir='ltr'><strong>certamine,</strong></span> <span class='ocrx_word' id='word_1_212' title='bbox 531 1772 614 1809; x_wconf 77' lang='lat' dir='ltr'><strong>aut,</strong></span> <span class='ocrx_word' id='word_1_213' title='bbox 645 1760 675 1798; x_wconf 83' lang='lat' dir='ltr'>fi</span> <span class='ocrx_word' id='word_1_214' title='bbox 698 1760 948 1799; x_wconf 85' lang='lat' dir='ltr'><strong>detrectaret</strong></span> <span class='ocrx_word' id='word_1_215' title='bbox 967 1761 1091 1799; x_wconf 86' lang='lat' dir='ltr'><strong>hostis</strong></span> <span class='ocrx_word' id='word_1_216' title='bbox 1112 1773 1312 1813; x_wconf 83' lang='lat' dir='ltr'><strong>pugnam,</strong></span> <span class='ocrx_word' id='word_1_217' title='bbox 1344 1754 1478 1810; x_wconf 87' lang='lat' dir='ltr'><strong>(quod</strong></span> 
     </span>
     <span class='ocr_line' id='line_1_30' title="bbox 148 1813 1477 1875; baseline -0.005 -17"><span class='ocrx_word' id='word_1_218' title='bbox 148 1821 382 1875; x_wconf 80' lang='lat' dir='ltr'><strong>plurimum</strong></span> <span class='ocrx_word' id='word_1_219' title='bbox 400 1821 605 1858; x_wconf 77' lang='lat' dir='ltr'><strong>intererat</strong></span> <span class='ocrx_word' id='word_1_220' title='bbox 623 1818 675 1856; x_wconf 88' lang='lat' dir='ltr'><strong>ad</strong></span> <span class='ocrx_word' id='word_1_221' title='bbox 698 1819 862 1857; x_wconf 86' lang='lat' dir='ltr'><strong>animos</strong></span> <span class='ocrx_word' id='word_1_222' title='bbox 883 1818 1113 1867; x_wconf 76' lang='lat' dir='ltr'><strong>civitatum)</strong></span> <span class='ocrx_word' id='word_1_223' title='bbox 1136 1818 1297 1856; x_wconf 86' lang='lat' dir='ltr'><strong>timoris</strong></span> <span class='ocrx_word' id='word_1_224' title='bbox 1317 1813 1477 1855; x_wconf 83' lang='lat' dir='ltr'><strong>conses-</strong></span> 
     </span>
     <span class='ocr_line' id='line_1_31' title="bbox 149 1872 1479 1930; baseline -0.006 -12"><span class='ocrx_word' id='word_1_225' title='bbox 149 1878 308 1918; x_wconf 80' lang='lat' dir='ltr'><strong>sionem</strong></span> <span class='ocrx_word' id='word_1_226' title='bbox 330 1878 631 1930; x_wconf 86' lang='lat' dir='ltr'><strong>exprimerent.</strong></span> <span class='ocrx_word' id='word_1_227' title='bbox 692 1878 848 1915; x_wconf 83' lang='lat' dir='ltr'><strong>Contra</strong></span> <span class='ocrx_word' id='word_1_228' title='bbox 877 1875 1015 1915; x_wconf 82' lang='lat' dir='ltr'><strong>fauces</strong></span> <span class='ocrx_word' id='word_1_229' title='bbox 1036 1886 1178 1930; x_wconf 85' lang='lat' dir='ltr'><strong>portus</strong></span> <span class='ocrx_word' id='word_1_230' title='bbox 1200 1875 1400 1913; x_wconf 86' lang='lat' dir='ltr'><strong>instructa</strong></span> <span class='ocrx_word' id='word_1_231' title='bbox 1427 1872 1479 1911; x_wconf 87' lang='lat' dir='ltr'><strong>in</strong></span> 
     </span>
     <span class='ocr_line' id='line_1_32' title="bbox 151 1928 1477 1987; baseline -0.006 -12"><span class='ocrx_word' id='word_1_232' title='bbox 151 1936 340 1975; x_wconf 82' lang='lat' dir='ltr'><strong>frontem</strong></span> <span class='ocrx_word' id='word_1_233' title='bbox 364 1935 535 1973; x_wconf 86' lang='lat' dir='ltr'><strong>navium</strong></span> <span class='ocrx_word' id='word_1_234' title='bbox 559 1935 645 1972; x_wconf 89' lang='lat' dir='ltr'><strong>acie</strong></span> <span class='ocrx_word' id='word_1_235' title='bbox 673 1933 832 1972; x_wconf 87' lang='lat' dir='ltr'><strong>stetere.</strong></span> <span class='ocrx_word' id='word_1_236' title='bbox 875 1934 1089 1987; x_wconf 84' lang='lat' dir='ltr'><strong>postquam</strong></span> <span class='ocrx_word' id='word_1_237' title='bbox 1119 1947 1248 1971; x_wconf 90' lang='lat' dir='ltr'><strong>nemo</strong></span> <span class='ocrx_word' id='word_1_238' title='bbox 1280 1928 1477 1970; x_wconf 82' lang='lat' dir='ltr'><strong>adversus</strong></span> 
     </span>
     <span class='ocr_line' id='line_1_33' title="bbox 152 1989 1475 2044; baseline -0.006 -11"><span class='ocrx_word' id='word_1_239' title='bbox 152 1995 262 2043; x_wconf 84' lang='lat' dir='ltr'><strong>ibat,</strong></span> <span class='ocrx_word' id='word_1_240' title='bbox 293 1991 416 2031; x_wconf 87' lang='lat' dir='ltr'><strong>classe</strong></span> <span class='ocrx_word' id='word_1_241' title='bbox 438 1991 587 2040; x_wconf 77' lang='lat' dir='ltr'><strong>divisa,</strong></span> <span class='ocrx_word' id='word_1_242' title='bbox 628 2005 723 2044; x_wconf 86' lang='lat' dir='ltr'><strong>pars</strong></span> <span class='ocrx_word' id='word_1_243' title='bbox 745 1993 794 2030; x_wconf 90' lang='lat' dir='ltr'><strong>in</strong></span> <span class='ocrx_word' id='word_1_244' title='bbox 815 1990 898 2029; x_wconf 84' lang='lat' dir='ltr'><strong>salo</strong></span> <span class='ocrx_word' id='word_1_245' title='bbox 925 1991 979 2030; x_wconf 82' lang='lat' dir='ltr'><strong>ad</strong></span> <span class='ocrx_word' id='word_1_246' title='bbox 999 1991 1146 2030; x_wconf 81' lang='lat' dir='ltr'><strong>ostium</strong></span> <span class='ocrx_word' id='word_1_247' title='bbox 1169 2001 1311 2043; x_wconf 85' lang='lat' dir='ltr'><strong>portus</strong></span> <span class='ocrx_word' id='word_1_248' title='bbox 1333 1989 1382 2027; x_wconf 91' lang='lat' dir='ltr'><strong>in</strong></span> <span class='ocrx_word' id='word_1_249' title='bbox 1402 2000 1475 2025; x_wconf 82' lang='lat' dir='ltr'><strong>an·</strong></span> 
     </span>
     <span class='ocr_line' id='line_1_34' title="bbox 153 2046 1476 2102; baseline -0.004 -13"><span class='ocrx_word' id='word_1_250' title='bbox 153 2051 263 2090; x_wconf 85' lang='lat' dir='ltr'><strong>coris</strong></span> <span class='ocrx_word' id='word_1_251' title='bbox 295 2049 424 2098; x_wconf 81' lang='lat' dir='ltr'><strong>stetit3</strong></span> <span class='ocrx_word' id='word_1_252' title='bbox 468 2063 563 2102; x_wconf 87' lang='lat' dir='ltr'><strong>pars</strong></span> <span class='ocrx_word' id='word_1_253' title='bbox 592 2050 639 2086; x_wconf 90' lang='lat' dir='ltr'><strong>in</strong></span> <span class='ocrx_word' id='word_1_254' title='bbox 669 2060 824 2087; x_wconf 85' lang='lat' dir='ltr'><strong>terram</strong></span> <span class='ocrx_word' id='word_1_255' title='bbox 856 2050 1009 2087; x_wconf 86' lang='lat' dir='ltr'><strong>milites</strong></span> <span class='ocrx_word' id='word_1_256' title='bbox 1043 2048 1239 2102; x_wconf 84' lang='lat' dir='ltr'><strong>exposuit.</strong></span> <span class='ocrx_word' id='word_1_257' title='bbox 1307 2046 1362 2084; x_wconf 88' lang='lat' dir='ltr'><strong>In</strong></span> <span class='ocrx_word' id='word_1_258' title='bbox 1392 2057 1476 2092; x_wconf 78' lang='lat' dir='ltr'><strong>eos,</strong></span> 
     </span>
     <span class='ocr_line' id='line_1_35' title="bbox 153 2102 1478 2163; baseline -0.005 -17"><span class='ocrx_word' id='word_1_259' title='bbox 153 2108 237 2163; x_wconf 73' lang='lat' dir='ltr'><strong>jam</strong></span> <span class='ocrx_word' id='word_1_260' title='bbox 255 2108 476 2160; x_wconf 85' lang='lat' dir='ltr'><strong>ingentem</strong></span> <span class='ocrx_word' id='word_1_261' title='bbox 495 2106 694 2160; x_wconf 85' lang='lat' dir='ltr'><strong>praedam</strong></span> <span class='ocrx_word' id='word_1_262' title='bbox 715 2108 795 2144; x_wconf 84' lang='lat' dir='ltr'><strong>late</strong></span> <span class='ocrx_word' id='word_1_263' title='bbox 809 2106 1059 2160; x_wconf 82' lang='lat' dir='ltr'><strong>depopulato</strong></span> <span class='ocrx_word' id='word_1_264' title='bbox 1078 2121 1175 2159; x_wconf 83' lang='lat' dir='ltr'><strong>agro</strong></span> <span class='ocrx_word' id='word_1_265' title='bbox 1188 2115 1370 2159; x_wconf 84' lang='lat' dir='ltr'><strong>agentes,</strong></span> <span class='ocrx_word' id='word_1_266' title='bbox 1390 2102 1478 2140; x_wconf 87' lang='lat' dir='ltr'><strong>An-</strong></span> 
     </span>
     <span class='ocr_line' id='line_1_36' title="bbox 154 2163 1476 2217; baseline -0.006 -13"><span class='ocrx_word' id='word_1_267' title='bbox 154 2165 355 2204; x_wconf 87' lang='lat' dir='ltr'><strong>dronicus</strong></span> <span class='ocrx_word' id='word_1_268' title='bbox 378 2165 564 2211; x_wconf 78' lang='lat' dir='ltr'><strong>Macedo,</strong></span> <span class='ocrx_word' id='word_1_269' title='bbox 586 2165 655 2216; x_wconf 90' lang='lat' dir='ltr'><strong>qui</strong></span> <span class='ocrx_word' id='word_1_270' title='bbox 673 2165 721 2201; x_wconf 87' lang='lat' dir='ltr'><strong>in</strong></span> <span class='ocrx_word' id='word_1_271' title='bbox 742 2164 946 2217; x_wconf 83' lang='lat' dir='ltr'><strong>praesidio</strong></span> <span class='ocrx_word' id='word_1_272' title='bbox 965 2163 1118 2217; x_wconf 76' lang='lat' dir='ltr'><strong>Ephesi</strong></span> <span class='ocrx_word' id='word_1_273' title='bbox 1138 2176 1240 2212; x_wconf 83' lang='lat' dir='ltr'><strong>erat,</strong></span> <span class='ocrx_word' id='word_1_274' title='bbox 1263 2163 1345 2215; x_wconf 83' lang='lat' dir='ltr'><strong>jam</strong></span> <span class='ocrx_word' id='word_1_275' title='bbox 1364 2172 1476 2197; x_wconf 80' lang='lat' dir='ltr'><strong>moe·</strong></span> 
     </span>
     <span class='ocr_line' id='line_1_37' title="bbox 153 2221 1477 2275; baseline -0.004 -14"><span class='ocrx_word' id='word_1_276' title='bbox 153 2223 280 2263; x_wconf 85' lang='lat' dir='ltr'><strong>nibus</strong></span> <span class='ocrx_word' id='word_1_277' title='bbox 327 2224 716 2275; x_wconf 84' lang='lat' dir='ltr'><strong>appropinquantes</strong></span> <span class='ocrx_word' id='word_1_278' title='bbox 762 2224 1029 2274; x_wconf 85' lang='lat' dir='ltr'><strong>eruptionem</strong></span> <span class='ocrx_word' id='word_1_279' title='bbox 1069 2221 1187 2268; x_wconf 79' lang='lat' dir='ltr'><strong>fecit,</strong></span> <span class='ocrx_word' id='word_1_280' title='bbox 1246 2229 1477 2270; x_wconf 78' lang='lat' dir='ltr'><strong>exutosque</strong></span> 
     </span>
     <span class='ocr_line' id='line_1_38' title="bbox 152 2273 1476 2333; baseline -0.006 -14"><span class='ocrx_word' id='word_1_281' title='bbox 152 2293 308 2333; x_wconf 85' lang='lat' dir='ltr'><strong>magna</strong></span> <span class='ocrx_word' id='word_1_282' title='bbox 328 2291 447 2331; x_wconf 86' lang='lat' dir='ltr'><strong>parte</strong></span> <span class='ocrx_word' id='word_1_283' title='bbox 468 2278 646 2332; x_wconf 82' lang='lat' dir='ltr'><strong>praedae</strong></span> <span class='ocrx_word' id='word_1_284' title='bbox 668 2278 719 2316; x_wconf 90' lang='lat' dir='ltr'><strong>ad</strong></span> <span class='ocrx_word' id='word_1_285' title='bbox 740 2293 856 2317; x_wconf 76' lang='lat' dir='ltr'><strong>mare</strong></span> <span class='ocrx_word' id='word_1_286' title='bbox 877 2293 924 2316; x_wconf 85' lang='lat' dir='ltr'><strong>ac</strong></span> <span class='ocrx_word' id='word_1_287' title='bbox 943 2292 1072 2318; x_wconf 88' lang='lat' dir='ltr'><strong>naves</strong></span> <span class='ocrx_word' id='word_1_288' title='bbox 1090 2277 1262 2330; x_wconf 83' lang='lat' dir='ltr'><strong>redegit.</strong></span> <span class='ocrx_word' id='word_1_289' title='bbox 1309 2273 1476 2314; x_wconf 82' lang='lat' dir='ltr'><strong>Postero</strong></span> 
     </span>
     <span class='ocr_line' id='line_1_39' title="bbox 154 2334 1475 2389; baseline -0.006 -12"><span class='ocrx_word' id='word_1_290' title='bbox 154 2337 237 2386; x_wconf 84' lang='lat' dir='ltr'><strong>die,</strong></span> <span class='ocrx_word' id='word_1_291' title='bbox 271 2336 432 2375; x_wconf 80' lang='lat' dir='ltr'><strong>insidiis</strong></span> <span class='ocrx_word' id='word_1_292' title='bbox 454 2336 596 2375; x_wconf 88' lang='lat' dir='ltr'><strong>medio</strong></span> <span class='ocrx_word' id='word_1_293' title='bbox 615 2335 747 2374; x_wconf 82' lang='lat' dir='ltr'><strong>ferme</strong></span> <span class='ocrx_word' id='word_1_294' title='bbox 765 2337 858 2374; x_wconf 73' lang='lat' dir='ltr'><strong>¹riae</strong></span> <span class='ocrx_word' id='word_1_295' title='bbox 880 2336 1030 2389; x_wconf 75' lang='lat' dir='ltr'><strong>politis,</strong></span> <span class='ocrx_word' id='word_1_296' title='bbox 1056 2335 1110 2373; x_wconf 87' lang='lat' dir='ltr'><strong>ad</strong></span> <span class='ocrx_word' id='word_1_297' title='bbox 1132 2334 1385 2373; x_wconf 87' lang='lat' dir='ltr'><strong>eliciendum</strong></span> <span class='ocrx_word' id='word_1_298' title='bbox 1408 2345 1475 2369; x_wconf 86' lang='lat' dir='ltr'><strong>ex-</strong></span> 
     </span>
     <span class='ocr_line' id='line_1_40' title="bbox 154 2391 1473 2445; baseline -0.007 -11"><span class='ocrx_word' id='word_1_299' title='bbox 154 2406 219 2434; x_wconf 84' lang='lat' dir='ltr'><strong>tra</strong></span> <span class='ocrx_word' id='word_1_300' title='bbox 236 2394 406 2432; x_wconf 88' lang='lat' dir='ltr'><strong>moenia</strong></span> <span class='ocrx_word' id='word_1_301' title='bbox 417 2395 709 2442; x_wconf 76' lang='lat' dir='ltr'><strong>Macedonem,</strong></span> <span class='ocrx_word' id='word_1_302' title='bbox 731 2396 771 2435; x_wconf 69' lang='lat' dir='ltr'><strong>ss:</strong></span> <span class='ocrx_word' id='word_1_303' title='bbox 783 2395 918 2434; x_wconf 67' lang='lat' dir='ltr'><strong>unani</strong></span> <span class='ocrx_word' id='word_1_304' title='bbox 936 2394 988 2432; x_wconf 87' lang='lat' dir='ltr'><strong>ad</strong></span> <span class='ocrx_word' id='word_1_305' title='bbox 1009 2396 1156 2432; x_wconf 89' lang='lat' dir='ltr'><strong>urbem</strong></span> <span class='ocrx_word' id='word_1_306' title='bbox 1176 2393 1344 2445; x_wconf 76' lang='lat' dir='ltr'><strong>agmine</strong></span> <span class='ocrx_word' id='word_1_307' title='bbox 1363 2391 1473 2428; x_wconf 85' lang='lat' dir='ltr'><strong>iere:</strong></span> 
     </span>
     <span class='ocr_line' id='line_1_41' title="bbox 152 2444 1472 2544; baseline -0.008 -51"><span class='ocrx_word' id='word_1_308' title='bbox 152 2451 281 2504; x_wconf 84' lang='lat' dir='ltr'><strong>inde,</strong></span> <span class='ocrx_word' id='word_1_309' title='bbox 309 2465 404 2491; x_wconf 70' lang='lat' dir='ltr'><strong>cuin</strong></span> <span class='ocrx_word' id='word_1_310' title='bbox 423 2466 471 2492; x_wconf 85' lang='lat' dir='ltr'><strong>ea</strong></span> <span class='ocrx_word' id='word_1_311' title='bbox 490 2451 576 2506; x_wconf 87' lang='lat' dir='ltr'><strong>ipsa</strong></span> <span class='ocrx_word' id='word_1_312' title='bbox 595 2450 768 2505; x_wconf 75' lang='lat' dir='ltr'><strong>suspicio</strong></span> <span class='ocrx_word' id='word_1_313' title='bbox 778 2480 792 2504; x_wconf 80' lang='lat'><em>‚</em></span> <span class='ocrx_word' id='word_1_314' title='bbox 822 2465 879 2493; x_wconf 85' lang='lat' dir='ltr'><strong>ne</strong></span> <span class='ocrx_word' id='word_1_315' title='bbox 899 2452 989 2505; x_wconf 85' lang='lat' dir='ltr'><strong>quis</strong></span> <span class='ocrx_word' id='word_1_316' title='bbox 1011 2451 1165 2501; x_wconf 81' lang='lat' dir='ltr'><strong>exiret,</strong></span> <span class='ocrx_word' id='word_1_317' title='bbox 1196 2444 1472 2544; x_wconf 52' lang='lat' dir='ltr'><strong>deterruistll’iet,</strong></span> 
     </span>
    </p>

    <p class='ocr_par' dir='ltr' id='par_1_7' title="bbox 1341 2515 1474 2545">
     <span class='ocr_line' id='line_1_42' title="bbox 1341 2515 1474 2545; baseline -0.015 0"><span class='ocrx_word' id='word_1_318' title='bbox 1341 2517 1387 2545; x_wconf 63' lang='lat' dir='ltr'><strong>re</strong></span> <span class='ocrx_word' id='word_1_319' title='bbox 1435 2515 1474 2543; x_wconf 70' lang='lat' dir='ltr'><strong>e·</strong></span> 
     </span>
    </p>
   </div>
   <div class='ocr_carea' id='block_1_7' title="bbox 1545 2482 1548 2616">
    <p class='ocr_par' dir='ltr' id='par_1_8' title="bbox 1545 2482 1548 2616">
     <span class='ocr_line' id='line_1_43' title="bbox 1545 2482 1548 2616; baseline 0 0"><span class='ocrx_word' id='word_1_320' title='bbox 1545 2482 1548 2616; x_wconf 68' lang='lat' dir='ltr'>i</span> 
     </span>
    </p>
   </div>
  </div>
 </body>
</html>
