1548 2703
127 65 212 115 318
267 61 478 103 LIBER
509 64 739 104 xxxvm.
801 65 910 106 car.
933 63 1081 106 xxxx.
1103 46 1226 110 'xxx
1248 65 1398 120 xxxi.

123 189 143 198 ·
409 136 460 173 U.
485 129 648 178 c.1;-·.‹33.
888 149 927 200 ³5
945 135 987 172 C.
1013 135 1064 172 N.
1091 139 1187 202 ‘¹39'

131 229 256 265 quam
281 214 501 267 Cyatidem
521 224 686 262 vocant,
717 215 840 262 (nam
862 218 975 264 urbs,
1007 216 1054 254 in
1074 229 1191 255 mare
1213 214 1387 263 devexa,
1417 214 1468 253 in

131 272 397 312 occidentem
413 270 565 325 vergit)
589 287 706 310 muro
721 271 925 326 superato,
948 274 997 312 in
1007 272 1145 311 forum
1159 283 1464 327 pervenerunt.

131 330 317 378 Samaei,
346 329 561 384 postquam
585 340 747 383 captam
771 331 887 368 urbis
907 341 1071 383 partem
1093 333 1144 370 ab
1167 329 1353 370 hostibus
1375 329 1468 369 sen-

129 386 300 436 serunt,
340 402 434 425 oum
465 388 711 440 coningibus
741 402 790 426 ac
819 388 962 426 liberis
990 389 1039 426 in
1072 385 1467 442 majorem-resuge-

129 456 237 483 runt
257 459 410 483 arcem.
470 444 575 484 inde
595 445 761 497 postero
783 445 851 485 die
871 445 1025 495 dediti,
1057 444 1222 500 direpta
1242 445 1367 494 urbe,
1394 443 1469 483 sub

131 517 292 545 corona
309 516 460 542 omnes
490 513 733 545 venierunt.

245 621 368 658 XXX.
430 617 598 667 Consul,
621 617 855 672 compositis
876 621 1001 658 rebus
1015 617 1328 673 Cephalleniae‚
1350 628 1472 672 prae·

132 675 235 715 fidio
257 678 404 716 Samae
426 675 638 729 imposito,
670 677 718 715 in
741 676 1100 730 Peloponnesum,
1131 677 1215 730 jam
1235 675 1308 714 dju
1339 672 1469 714 arces-

132 735 320 774 sentibus
341 733 616 788 Aegiensibus
635 736 819 773 maxime
839 749 887 773 ac
908 734 1262 782 Lacedaemoniis,
1295 732 1469 784 traiecit.

131 793 311 846 Aegium
329 822 340 840 ,
374 806 397 830 a
419 792 632 844 principio
652 789 827 831 Achaici
856 793 1049 841 concilii,
1090 792 1259 845 semper
1284 803 1470 830 conven-

134 862 200 889 tus
222 850 358 903 gemis
386 848 538 888 indicti
565 848 685 897 sunt3
717 849 789 888 seu
819 849 1013 904 dignitati
1040 851 1156 888 urbis
1186 848 1254 900 id,
1287 848 1359 887 seu
1389 846 1472 886 loci
1517 853 1520 855 ’

133 908 439 962 opportunitati
468 907 610 945 datum
642 907 712 945 est.
754 907 872 946 hunc
903 921 1067 946 morem
1093 904 1394 960 Philopoemen
1419 918 1471 944 eo

133 968 321 1020 primum,
344 978 461 1002 anno
484 963 738 1003 labefactare
761 976 959 1014 conatus,
990 967 1124 1018 legem
1145 966 1318 1018 parabat
1339 962 1469 1011 ferre,

133 1033 180 1063 ut
199 1025 247 1063 in
266 1023 463 1061 omnibus
486 1023 739 1070 civitatibus,
782 1037 886 1075 quae
916 1023 1091 1062 Achaici
1120 1022 1291 1062 concilii
1319 1020 1469 1068 essent,

135 1083 320 1121 invicem
345 1090 582 1118 conventus
613 1091 850 1132 agerentur.
892 1091 933 1119 et
962 1080 1035 1118 sub
1066 1079 1295 1119 adventum
1323 1076 1473 1118 consu-

136 1141 212 1187 lis,
246 1138 490 1189 Damiurgis
519 1136 756 1186 civitatum,
798 1139 869 1191 qui
903 1138 1083 1179 summus
1110 1137 1167 1177 est
1193 1136 1469 1191 magistratus,
1524 1130 1548 1191 ’ξ

136 1197 314 1250 Aegium
349 1196 639 1244 evocantibus,
683 1196 986 1249 Philopoemen
1017 1197 1209 1248 (praetor
1239 1192 1470 1242 tum‘erat)

136 1255 271 1308 Argos
292 1264 554 1291 conventum
573 1253 717 1292 edixit.
781 1268 861 1307 quo
883 1269 978 1292 cum
1000 1264 1222 1307 appareret
1242 1264 1391 1291 omnes
1412 1249 1470 1289 se-

135 1316 515 1360 re'conventuros,
549 1311 693 1350 consul
719 1326 903 1365 quoque,
941 1325 1179 1364 quanquam
1199 1308 1471 1363 Aegiensium

136 1370 305 1410 favebat
325 1368 482 1421 causae,
507 1368 642 1423 Argos
661 1370 802 1409 venitz
833 1370 904 1407 ubi
925 1383 1022 1408 cum
1048 1368 1294 1425 disceptatio
1316 1365 1468 1414 suisset,

139 1438 181 1467 et
200 1442 290 1466 rem
310 1427 560 1465 inclinatam
582 1437 791 1475 cerneret,
816 1427 986 1480 incepto
999 1426 1164 1466 destitit.
1177 1430 1182 1433 ’
1197 1425 1471 1466 Lacedaemo-

137 1486 203 1526 nii
224 1483 383 1523 deinde
407 1499 501 1523 eum
525 1485 573 1523 in
594 1484 661 1522 sua
684 1486 916 1523 certamina
939 1495 1197 1523 averterunt.
1243 1483 1471 1524 Sollicitam

140 1558 234 1582 eam
255 1543 464 1581 civitatem
488 1542 646 1580 exsules
660 1543 843 1581 maxime
858 1543 1092 1581 habebant:
1120 1556 1297 1596 quorum
1315 1552 1473 1592 magna

139 1615 237 1656 pars
258 1602 307 1639 in
317 1601 538 1639 maritimis
559 1601 791 1639 Laconicae
810 1614 907 1638 orae
919 1600 1106 1648 castellis,
1129 1614 1234 1652 quae
1248 1599 1388 1637 omnis
1402 1595 1471 1647 ad-

141 1670 254 1698 emta
275 1670 385 1706 erat,
412 1658 669 1696 habitabant.
699 1657 743 1696 id
764 1672 887 1710 aegre
908 1660 1111 1711 patientes
1132 1655 1472 1704 Lacedaemonii,

138 1713 185 1756 ut
206 1717 344 1769 aliqua
363 1717 543 1755 liberum
566 1715 618 1753 ad
637 1730 754 1755 mare
784 1716 992 1754 haberent
1023 1716 1205 1764 aditum,
1241 1714 1271 1755 fi
1298 1712 1470 1768 quando

138 1775 325 1815 Romam
346 1774 479 1813 aliove
498 1788 578 1826 quo
601 1774 817 1811 mitterent
835 1775 1010 1827 legatos,
1042 1773 1242 1827 simulque
1263 1783 1308 1812 ut
1329 1785 1473 1824 empo-

140 1833 254 1874 rium
286 1842 327 1870 et
351 1832 661 1885 receptaculum
694 1833 928 1884 peregrinis
959 1833 1166 1871 mercibus
1201 1830 1255 1869 ad
1285 1828 1470 1878 necessa-

138 1891 226 1930 rios
247 1889 339 1927 usus
361 1889 483 1938 esset,
516 1899 640 1927 nocte
661 1889 798 1927 adorti
819 1891 955 1928 vicum
975 1891 1256 1937 maritimum,
1289 1887 1470 1926 nomine

140 1950 248 1996 Lan,
281 1947 509 1999 improviso
530 1961 799 1997 occupavere.
861 1948 1024 1996 Vicani,
1057 1948 1208 2000 quique
1228 1947 1287 1986 ibi
1308 1943 1469 1984 exsules
1510 1960 1513 1963 ·

140 2006 401 2055 habitabant,
432 2005 572 2058 primo
590 2005 812 2057 inopinata
831 2019 879 2044 re
900 2007 1035 2044 territi
1057 2006 1172 2043 sunt:
1203 2001 1489 2050 deinde,.[ub·

140 2065 279 2103 lucem
310 2063 573 2117 congregati,
610 2063 693 2101 levi
725 2063 957 2101 certamine
987 2064 1244 2116 expulerunt
1266 2059 1470 2100 Lacedae-

141 2123 322 2160 monios.
383 2132 521 2160 terror
560 2131 704 2158 tamen
733 2134 908 2159 omnem
941 2123 1196 2160 maritimam
1227 2132 1345 2157 oram
1375 2131 1470 2171 per-

141 2179 263 2219 vasit:
292 2179 530 2232 legatosque
550 2178 847 2226 communiter,
878 2189 918 2217 et
939 2178 1102 2217 castella
1121 2177 1265 2216 omnia
1290 2170 1469 2228 vicique,

141 2248 183 2276 et
208 2234 389 2286 exsules,
421 2237 570 2290 quibus
589 2236 648 2284 ihi
669 2235 881 2278 domicilia
908 2248 1054 2286 erant,
1093 2235 1147 2275 ad
1174 2234 1366 2275 Achaeos
1393 2233 1471 2273 mi·

140 2294 299 2335 serunt.
1320 2299 1328 2312 ²

256 2408 402 2446 XXXI.
434 2382 736 2461 Philopoemen
747 2418 932 2463 praetor,
951 2409 1034 2463 jam
1045 2406 1147 2447 inde
1160 2409 1211 2446 ab
1222 2407 1345 2446 initio
1355 2403 1469 2445 exsu-

141 2467 230 2505 lum
253 2464 393 2506 causae
409 2476 447 2506 et
461 2467 630 2518 amicus,
655 2478 694 2508 et
713 2478 856 2508 auctor
876 2466 1040 2522 semper
1049 2464 1229 2508 Achaeis
1240 2460 1469 2509 minuendi

1369 2532 1469 2576 opes
