1548 2703
139 58 225 110 244
323 57 357 97 L
381 57 402 98 1
425 57 459 99 Β
479 43 520 100 Ἐ
540 58 581 99 n
623 57 810 100 xxxvt.
865 60 943 104 *ct
959 61 1140 123 2⁴3>ss
1166 60 1318 99 xxm.

465 130 519 168 U.
543 131 586 168 C.
609 132 707 174 561.
874 143 910 167 a.
935 131 979 166 C.
1006 130 1057 166 N.
1088 142 1180 179 19¹·

143 222 297 262 paucos
319 207 410 249 dies
431 219 590 257 turres,
621 208 876 262 arietesque,
910 218 950 247 et
973 208 1076 248 alius
1104 211 1249 248 omnis
1267 221 1489 263 apparatus

148 265 537 320 oppugnandarum
557 266 724 304 urbium
747 265 975 318 perficitur.
1033 265 1090 304 Et
1111 280 1207 305 cum
1240 269 1489 320 ageri-iera*-

145 322 345 373 eleenfis,
376 323 558 377 paluster
579 323 719 363 omnis
739 322 1025 376 frequensque
1046 324 1234 376 proceris
1254 325 1486 374 arboribus,

155 380 346 436 benigne
366 380 422 421 ad
443 395 574 421 omne
593 393 725 435 genus
742 394 920 434 operum
937 381 1155 420 materiam
1177 380 1488 434 suppeditabat:

145 448 253 488 tum,
283 438 380 492 quia
400 437 645 492 refugerant
662 436 778 477 intra
802 439 973 477 moenia
992 435 1143 487 Aetoli,
1172 438 1348 487 deserta,
1381 453 1487 492 quae

142 496 194 538 in
215 495 415 542 vestibulo
436 492 554 535 urbis
577 506 724 545 era-nt,
756 505 864 534 tecta
891 496 940 534 in
970 496 1105 534 varios
1137 494 1229 535 usus
1258 509 1352 535 non
1371 497 1488 551 tigna

146 552 277 594 modo
301 564 344 593 et
366 555 548 602 tabulas,
586 552 658 592 sed
677 554 853 592 laterem
875 566 1061 606 quoque,
1103 563 1143 593 et
1161 565 1409 605 caementa²
1446 562 1488 594 et

154 610 255 652 [axa
278 612 419 653 variae
440 609 770 666 magnitudinis,
800 611 1077 666 praebebant.

264 727 420 767 XXIII.
479 725 536 766 Et
558 725 748 766 Romani
766 724 939 780 quidem
961 725 1159 780 operibus
1180 727 1332 780 magis,
1363 738 1488 780 quarn

145 784 298 835 armis,
329 786 478 824 urbem
503 787 830 839 oppugnabant:
858 783 999 823 Aetoli
1021 794 1171 823 eontra
1191 785 1321 824 armis
1338 783 1381 822 se
1401 796 1488 823 tue-

144 844 316 884 bantur.
374 856 499 892 nam,
531 857 628 882 cum
663 843 795 883 ariete
827 852 1103 897 quaterentur
1132 844 1267 891 muri,
1307 855 1402 881 non
1429 842 1488 880 la'-

144 901 287 956 queis,
321 911 364 938 ut
383 899 507 949 solet,
540 911 735 955 exceptos
766 899 1042 941 declinabant
1061 900 1191 948 ictus·‚
1229 898 1302 938 sed
1333 898 1489 938 armati

145 958 415 1013 fiequentes‚
465 956 636 1010 quidam
665 958 785 1011 ignes
816 958 965 1006 etiam,
1019 970 1119 1010 quos
1150 958 1364 1011 aggeribus
1393 956 1488 1009 inji—

146 1026 296 1057 cerent
308 1045 326 1067 ,A
351 1014 561 1054 ferebant.
606 1013 794 1053 fornices
825 1028 989 1068 quoque
1018 1016 1067 1053 in
1096 1029 1218 1052 muro
1247 1025 1371 1053 erant
1400 1014 1488 1068 apti

146 1073 202 1114 ad
231 1070 570 1113 excurrentium:
616 1084 657 1111 et
686 1070 785 1126 ipsi,
839 1085 937 1110 cum
973 1085 1052 1126 pro
1081 1071 1232 1111 dirutis
1262 1073 1488 1110 reficerent

144 1131 315 1179 muros,
359 1129 595 1169 crebriores
619 1143 714 1179 eos,
742 1138 788 1167 ut
808 1129 1000 1182 pluribus
1025 1139 1319 1182 erumperetur
1340 1130 1384 1168 in
1412 1129 1488 1167 ho-

140 1188 252 1230 'stem
270 1187 386 1236 locis,
420 1185 649 1227 faciebant.
711 1188 802 1226 Hoc
821 1187 970 1240 primis
993 1185 1153 1238 diebus,
1175 1185 1275 1225 dum
1297 1187 1489 1239 integrae

149 1248 260 1288 vires
281 1255 430 1296 erant,
461 1255 501 1283 et
519 1242 762 1298 frequentes
784 1253 826 1282 et
857 1244 1037 1297 impigre
1058 1243 1276 1283 fecerunt:
1317 1245 1366 1283 in
1398 1244 1488 1282 dies

149 1302 332 1352 deinde,
384 1302 604 1356 pauciores
641 1312 683 1342 et
722 1299 900 1355 segnius.
967 1302 1163 1351 Etenim,
1210 1315 1307 1341 eum
1334 1300 1488 1340 'multis

149 1370 407 1416 urgerentur
427 1361 579 1408 rebus,
605 1359 725 1397 nulla
746 1371 816 1397 eos
838 1371 905 1398 res
925 1372 1079 1412 aeque,
1120 1372 1168 1397 ac
1195 1359 1358 1412 vigiliae
1386 1371 1487 1398 con-

149 1417 372 1465 ficieba‘nt3
397 1416 604 1455 Romanis
614 1417 663 1456 in
677 1428 831 1469 magna
845 1417 964 1469 copia
975 1417 1156 1454 militum
1169 1415 1488 1455 succedentibus

149 1477 242 1518 aliis
270 1476 319 1515 in.
348 1474 574 1514 [tationem
595 1473 800 1522 aliorum,
829 1472 1000 1512 Aetolos
1029 1484 1203 1527 propter
1233 1474 1487 1528 paucitatem

151 1533 324 1575 eosdem
353 1531 442 1571 dies
472 1541 700 1584 noctesque
720 1529 877 1569 affiduo
899 1532 1044 1570 labore
1068 1542 1231 1570 urente.
1293 1533 1371 1570 Per
1389 1544 1486 1584 qua-

150 1588 248 1632 tuor
269 1601 312 1630 et
333 1590 483 1642 viginti
506 1587 609 1637 dies,
640 1589 699 1627 ita
719 1599 764 1626 ut
784 1588 949 1627 nullum
974 1599 1136 1641 ternpus
1161 1602 1338 1628 vacuum
1362 1587 1487 1628 dimi-

151 1645 470 1696 cationeesset,
503 1644 699 1685 adversus
730 1657 906 1699 quatuor
935 1660 958 1684 e
989 1647 1178 1700 partibus
1205 1645 1326 1685 fimul
1355 1659 1485 1700 oppu-

151 1716 360 1762 gnantem
379 1701 541 1744 hostem
564 1713 797 1742 nocturnus
812 1702 968 1742 diurno
982 1704 1252 1743 continuatus
1271 1704 1391 1743 labor
1411 1702 1484 1742 est.

152 1766 259 1805 Cum
288 1761 479 1816 Fatigatos
509 1762 594 1814 jam
623 1760 794 1799 Aetolos
825 1760 946 1799 sciret
984 1759 1127 1799 consul
1166 1771 1206 1801 et
1236 1775 1289 1800 ex
1318 1760 1486 1800 ratione

150 1820 379 1876 temporiS‚
410 1829 452 1860 et
468 1818 582 1873 quod
601 1819 658 1858 ita
678 1817 919 1872 transfugae
949 1818 1239 1868 affirmabant,
1276 1819 1358 1858 tale
1385 1831 1485 1857 con-

151 1879 290 1921 filium
308 1877 419 1917 iniit.
478 1875 619 1916 media
639 1886 765 1914 nocte
783 1877 969 1929 receptui
992 1875 1155 1929 [ignum
1183 1874 1321 1925 dedit,
1363 1886 1404 1914 et
1431 1876 1485 1913 ab

155 1935 473 1993 oppugnatione
510 1933 626 1973 fimul
667 1946 818 1972 omnes
855 1932 1238 1988 militesrdeductos
1266 1931 1486 1987 usque-ad

153 1996 322 2035 tertiam
341 1992 426 2032 diei
445 1992 594 2031 horam
617 1993 777 2043 quietos
793 1991 846 2029 in
868 1989 1010 2030 castris
1034 1992 1181 2030 tenuit.
1213 1990 1318 2030 inde
1337 2000 1484 2044 coepta

154 2048 477 2106 oppugnatio-ad
487 2048 673 2088 mediam
693 2047 832 2086 rursus
851 2052 1025 2087 noctem
1038 2047 1240 2102 perducta
1251 2047 1332 2087 estz
1353 2049 1483 2087 inter-

154 2108 275 2150 missa
294 2106 455 2147 deinde
476 2120 606 2159 usque
628 2104 682 2143 ad
693 2105 860 2146 tertiam
880 2104 964 2144 diei
977 2105 1138 2145 horam.
1180 2105 1482 2159 Fatigationem

153 2167 238 2207 rati
255 2163 421 2205 causam
441 2164 525 2204 esse
535 2163 676 2203 Aetoli
697 2174 791 2201 non
807 2163 1124 2202 continuandae
1140 2162 1482 2217 oppugnationis,

155 2237 263 2278 quae
293 2221 334 2263 et
363 2221 471 2276 ipsos
501 2220 722 2269 affecerat,
772 2220 844 2258 ubi
872 2221 1078 2259 Romanis
1119 2219 1260 2258 datum
1294 2218 1483 2272 receptui

155 2281 320 2336 lignum
335 2278 452 2329 esset,
481 2279 593 2320 velut
610 2276 686 2331 ipfi
709 2289 873 2330 quoque
893 2276 975 2316 hoc
994 2277 1186 2325 revocati,
1217 2291 1298 2330 pro
1310 2275 1358 2316 se
1373 2276 1483 2330 quis-

149 2351 238 2393 ·que
267 2351 322 2378 ex
347 2335 591 2376 stationibus
620 2333 905 2373 decedebant:
953 2349 1036 2374 nec
1074 2345 1175 2374 ante
1200 2334 1367 2374 tertiam
1396 2332 1482 2373 diei
1532 2375 1535 2377 ,

155 2395 306 2437 horam
335 2395 485 2438 armati
503 2393 553 2434 in
571 2392 703 2431 muris
720 2392 994 2446 apparebant.
1310 2407 1324 2413 „

1296 2467 1309 2470 <
1330 2502 1478 2547 XXIV.
