1548 2703
228 63 262 104 L
288 56 311 101 t
340 61 375 102 B
405 61 441 102 Ε
471 63 513 102 R
554 62 722 109 xxxn.
781 53 892 102 οη.
914 61 1064 103 xxm.
1087 54 1240 112 XXIV-,v
1354 60 1408 111 59

353 134 406 173 υ.
431 134 475 172 c,
502 135 601 183 554·
832 145 868 170 a.
890 132 934 170 e.
956 131 1012 171 N.
1040 135 1133 182 198.

78 187 342 200 ,.,...--...

76 214 260 254 Romani
285 212 335 251 ad
350 211 590 252 Cenchreas
608 211 772 253 versam
791 222 954 265 partem
974 209 1103 258 urbis,
1123 207 1300 257 Attalus,
1325 217 1408 246 tra-

73 271 196 311 ducto
218 285 294 325 per
317 269 516 309 Isthmum
539 269 746 320 exercitu',
777 270 830 308 ab
852 268 1053 317 Lechaeo,
1071 266 1253 304 -alterius
1274 263 1406 304 marie

71 334 194 383 portu
211 357 222 376 ‚
264 329 586 382 oppugnabant3
615 327 752 380 primo
781 324 968 381 segnius,
999 324 1215 378 sperantes
1237 320 1404 361 seditio·

71 396 173 424 nem
208 388 320 424 intus
348 384 437 424 fore
468 385 581 423 inter
616 383 850 438 oppidanos
874 398 922 422 ao
954 382 1115 436 regium
1136 378 1399 434 praesidium.

69 443 287 497 postquam
318 457 404 481 uno
434 443 578 480 animo
609 456 780 492 omnes,
841 452 882 481 et
914 438 1167 480 Macedones
1197 448 1400 490 tanquam

68 515 340 540 communem
364 500 540 552 patriam
564 502 800 547 tuebantur,
821 509 863 538 et
885 497 1093 538 Corinthii
1107 495 1257 535 ducem
1278 506 1400 546 prae-

67 557 157 597 sidii
183 556 551 605 Androsthenem,
595 557 707 596 haud
730 556 841 596 secus
864 569 989 609 quam
1018 555 1152 595 civem
1181 563 1221 593 et
1249 549 1397 607 suffra-

66 615 131 669 gio
171 625 353 653 creatum
399 613 489 662 suo,
550 616 731 667 imperio
763 613 867 669 justo
907 613 1194 667 patiebanturg
1252 609 1395 648 omnis

66 671 170 711 inde
193 671 282 726 spes
306 673 589 724 pugnantibus
611 673 658 710 in
679 673 743 721 vi,
776 683 817 711 et
838 671 976 720 armis,
1012 681 1052 708 et
1072 669 1267 722 operibus
1290 675 1391 705 erat.

66 729 254 782 undique
278 743 443 782 aggeres
468 728 582 767 haud
602 727 715 769 facili
728 729 843 768 aditu
865 727 918 767 ad
931 727 1099 767 moenia
1111 724 1392 764 admoveban-

66 798 143 826 tur.
202 786 323 825 Aries
353 800 406 825 ex
436 800 484 824 ea
510 797 652 839 parte,
699 801 824 840 quam
857 785 1043 825 Romani
1074 783 1389 838 oppugnabant,

65 845 323 897 aliquantum
345 844 454 882 muri
479 842 680 885 diruerat.
719 845 765 883 in
799 858 922 897 quem
946 845 1108 892 locum,
1139 843 1235 895 quia
1257 837 1391 877 nuda-

63 913 125 940 tus
156 902 423 940 munimento
452 913 562 950 erat,
615 901 919 955 protegendum
953 901 1079 940 armis
1119 913 1214 937 cum
1253 899 1390 936 Mace-

63 958 197 998 dones
216 958 539 1008 concurrissent,
567 970 687 998 atrox
707 960 912 1012 proelium
934 960 1049 998 inter
1070 970 1140 997 eos
1165 969 1212 994 ac
1231 955 1386 993 Roma-

62 1029 138 1068 nos
158 1027 294 1055 ortum
316 1015 385 1055 est.
445 1016 509 1055 Ac
528 1017 665 1069 primo
685 1016 956 1055 multitudine
978 1015 1098 1054 facile
1117 1013 1387 1067 expelleban-

61 1084 128 1113 tur
153 1075 358 1123 Romani3
387 1073 569 1112 assumtis
590 1073 747 1113 deinde
767 1073 1034 1113 Achaeorum
1047 1071 1259 1124 Attalique
1273 1069 1386 1108 auxi-

59 1132 138 1180 liis,
169 1134 405 1185 aequabant
424 1141 664 1170 certamen:
699 1145 781 1170 nec
801 1131 974 1170 dubium
996 1140 1096 1179 erat,
1123 1129 1229 1183 quin
1249 1129 1384 1166 Mace-

61 1187 193 1227 dones
216 1190 484 1241 Graecosque
505 1188 626 1227 facile
647 1189 738 1227 loco
770 1188 927 1241 pulsuri
948 1187 1121 1227 suerint.
1182 1181 1385 1224 Transfu-

57 1259 204 1301 garum
229 1247 467 1284 Italicorum
491 1259 644 1298 magna
663 1245 885 1284 multitudo
909 1256 1019 1292 erat:
1059 1257 1156 1298 pars
1183 1257 1236 1282 ex
1270 1242 1383 1281 Han-

58 1303 214 1342 nibalis
235 1303 417 1342 exercitu
441 1314 555 1341 metu
582 1317 745 1357 poenae
775 1317 799 1341 a
827 1304 1035 1342 Romanis
1059 1302 1296 1356 Philippum
1326 1297 1382 1336 se-

57 1361 156 1408 cuti,
187 1374 283 1414 pars
303 1361 473 1400 navales
495 1359 604 1410 socii,
632 1361 788 1400 relictis
808 1375 949 1414 nuper
969 1359 1171 1408 classibus,
1193 1357 1247 1397 ad
1266 1356 1382 1410 spem

57 1418 339 1457 honoratioris
361 1419 533 1457 militiae
553 1417 804 1472 transgressi.
842 1417 918 1457 hos
942 1417 1157 1471 desperata
1183 1415 1314 1463 salus,
1350 1411 1380 1451 Ii

59 1475 245 1515 Romani
274 1474 490 1524 vicissent,
531 1474 586 1514 ad
615 1477 775 1515 rabiem
803 1475 951 1529 magis,
992 1489 1117 1528 quam
1148 1472 1381 1520 audaciam,

58 1532 325 1578 accendebat.
384 1534 722 1572 Promontorium
744 1532 801 1572 est
821 1532 1014 1573 adversus
1033 1533 1282 1584 Sicyonem,
1311 1530 1381 1569 Ju-

59 1590 186 1629 nonis
210 1604 336 1643 quam
360 1601 514 1630 vocant
530 1590 762 1640 Acraeam,
790 1591 838 1630 in
864 1592 992 1629 altum
1014 1602 1265 1629 excurrens:
1299 1597 1379 1626 tra-

59 1648 184 1701 jectus
203 1647 307 1687 inde
325 1647 590 1696 Corinthum,
612 1647 767 1703 septem
787 1650 918 1688 millia
934 1647 1070 1687 ferme
1088 1646 1288 1701 passuum.
1328 1658 1380 1683 eo

61 1703 283 1754 Philocles,
319 1705 455 1759 regius
474 1717 516 1745 et
532 1705 620 1761 ipse
642 1705 878 1761 praefectus
891 1736 902 1755 ,
931 1706 1047 1745 mille
1068 1715 1110 1746 et
1126 1706 1379 1758 quingentos

58 1762 210 1802 milites
240 1777 316 1817 per
338 1763 554 1802 Boeotiam
585 1762 716 1804 duxit.
758 1763 922 1817 praesto
951 1762 1071 1802 fuere
1100 1764 1151 1801 ab
1171 1759 1379 1803 Corintho

57 1819 209 1870 lembi,
245 1820 317 1873 qui
345 1819 601 1874 praesidium
629 1821 675 1861 id
704 1832 920 1876 acceptum
951 1821 1186 1860 Lechaeum
1217 1818 1379 1871 trajice-

57 1887 166 1916 rent.
223 1876 382 1916 Auctor
403 1889 492 1918 erat
511 1878 697 1928 Attalus,
734 1878 916 1919 incensis
934 1879 1148 1932 operibus,
1185 1877 1379 1917 omitten-

56 1933 135 1973 dae
165 1936 377 1989 extemplo
409 1938 748 1991 oppugnationis.
807 1937 1063 1977 Pertinacius
1083 1935 1304 1987 Quinctius
1328 1934 1379 1971 in

55 1993 229 2045 incepto
248 1991 462 2048 perstabat.
521 1995 557 2033 is
578 2009 743 2048 quoque
762 2005 806 2033 ut
827 2009 906 2048 pro
925 1994 1121 2033 omnibus
1142 1992 1276 2046 portis
1299 1989 1380 2030 dis-

56 2047 186 2104 posita
212 2049 317 2089 vidit
338 2050 543 2104 praesidia
560 2053 695 2106 regia,
725 2066 807 2091 nec
827 2051 947 2091 facile
968 2050 1283 2105 erumpentium
1303 2048 1382 2088 im-

55 2117 174 2161 petus
196 2105 392 2156 sustineri
410 2108 547 2161 posse,
580 2109 630 2148 in
650 2108 780 2149 Attali
800 2109 1055 2149 sententiam
1072 2106 1281 2147 concessit.
1321 2106 1380 2144 ita

58 2164 176 2203 irrito
194 2164 387 2218 incepto,
415 2165 586 2206 dimissis
611 2163 814 2216 Achaeis,
853 2166 1038 2206 reditum
1068 2168 1123 2205 ad
1148 2178 1277 2206 naves
1308 2161 1379 2203 est.

57 2221 219 2261 Attalus
240 2223 477 2275 Piraeeum,
505 2225 691 2264 Romani
713 2226 942 2277 Corcyram
970 2225 1200 2279 petierunt.

170 2335 317 2376 XXIV·
366 2339 485 2380 Dum
503 2340 608 2379 haee
618 2341 670 2378 ab
689 2340 829 2379 navali
849 2340 1036 2381 exercitu
1046 2347 1264 2394 geruntur,
1284 2347 1383 2373 con·

62 2389 224 2457 sul-„in
251 2393 431 2437 Phocide
461 2396 515 2436 ad
534 2398 714 2437 Elatiam
735 2395 874 2438 castris
907 2396 1068 2453 politis,
1104 2396 1242 2451 primo
1262 2392 1385 2448 cono?

61 2461 169 2502 quus
188 2464 281 2490 rem
300 2464 378 2505 per
398 2456 614 2511 principes
635 2454 909 2496 Elatienfium
932 2455 1132 2496 tentavitt
1159 2451 1387 2544 postquapi,

743 2513 780 2552 E
809 2517 838 2560 3
1280 2522 1324 2546 ni
1341 2521 1385 2543 ιιι
