1548 2703
390 76 422 116 L
446 76 466 114 1
488 75 522 114 B
543 75 581 115 E
599 76 640 114 R
678 76 761 114 xL.
821 75 935 114 cm.
960 75 1031 114 ix.
1052 62 1105 113 >e
1332 77 1415 128 489·

93 200 1148 213 ———--.--——--—--.-—-..-——.-—--—.—-

95 286 214 326 mino
234 286 281 321 in
301 286 436 322 lacum
457 283 601 321 Martis
624 281 676 321 de
696 283 811 320 coelo
829 281 1034 322 cecidisse.
1077 284 1255 320 Puerum
1276 284 1417 322 trunci

95 342 280 394 corporis
298 342 347 379 in
376 354 473 394 agro
494 341 691 378 Romano
723 350 892 387 natum,
935 350 975 378 et
1000 339 1313 393 quadrupedem
1344 355 1419 379 an-

52 402 60 413 “’
94 413 213 453 guen]
237 398 392 438 visum:
433 408 473 436 et
494 398 660 450 Capuae
682 398 810 434 multa
831 398 879 435 in
902 395 995 436 foro
1018 397 1204 436 aedificia
1227 397 1280 435 de
1300 401 1417 437 coelo

95 467 221 496 tactat
262 467 301 494 et
320 455 497 494 Puteolis
528 454 630 494 duas
653 468 781 492 naves
805 453 996 494 fulminis
1016 456 1097 494 ictu
1127 466 1417 495 concrematas

95 514 189 553 esse.
228 514 346 552 Inter
365 512 482 561 haec,
503 526 606 564 quae
626 513 949 561 nuntiabantur,
968 513 1087 565 lupus
1110 513 1233 555 etiam
1259 510 1420 553 Romae

93 570 282 611 interdiu
304 571 488 623 agitatus,
513 583 607 607 cum
621 569 784 608 Collina
805 581 925 623 porta
943 569 1145 618 intrasset,
1176 585 1254 623 per
1270 570 1419 624 Esqui-

93 630 225 669 linam
246 641 399 681 magno
419 626 752 665 consectantium
770 628 947 665 tumultu
969 626 1102 666 evasit.
1142 628 1299 666 Eorum
1323 644 1418 682 pro-

95 687 300 740 digiorum
322 684 439 723 causa
458 684 646 723 eonsules
675 686 852 735 maiores
876 684 1024 724 hostias
1047 685 1344 736 immolarunt,
1377 697 1419 725 et:

94 744 207 783 diem
228 757 359 782 unum
384 744 494 781 circa
515 743 658 781 omnia
679 744 918 795 pulvinaria
941 743 1181 795 supplicatio
1202 743 1292 783 fuit.
1351 745 1417 784 Sa.

93 802 258 841 orificiis
284 803 363 840 rite
393 799 615 853 perfectis,
659 801 895 852 provincias
923 800 1053 839 sortiti
1086 801 1202 840 sunt:
1243 801 1421 840 Claudio

93 859 225 906 Istria,
247 858 500 911 Sempronio
525 857 719 897 Sardinia
750 858 932 896 obvenit.
991 860 1144 913 Legem
1177 858 1335 898 deinde
1358 859 1418 898 so-

93 918 167 956 ciis
208 917 251 955 C.
283 915 479 955 Claudius
518 916 610 953 tulit
640 915 1017 965 senatusconsulto,
1072 928 1112 954 et
1143 916 1295 955 edixit:
1347 919 1421 971 qui

86 975 184 1030 socii
207 987 250 1013 ac
280 975 442 1012 nominis
472 971 628 1021 Latini,
678 970 750 1024 ipsi
775 974 985 1026 majoresve
1009 986 1165 1022 eorum,
1207 973 1271 1012 M.
1305 973 1419 1014 Clau-

94 1032 177 1081 dio,
225 1028 269 1070 T.
303 1030 485 1081 Quinctio
513 1029 750 1081 censoribus,
793 1029 950 1083 postque
979 1045 1042 1079 ea,
1082 1031 1325 1085 apudsocios
1354 1047 1420 1076 no·

92 1092 203 1129 minis
236 1088 370 1127 Latini
395 1088 488 1134 censi
515 1086 651 1139 effent,
714 1100 757 1125 m
787 1101 906 1126 omnes
936 1092 974 1127 in
995 1088 1104 1140 suam
1133 1093 1294 1143 quisque
1325 1092 1419 1129 civi·

94 1160 211 1186 tatem·
235 1159 322 1184 ame
353 1144 538 1183 Kalendas
577 1145 810 1184 Novembres
837 1144 1026 1185 redirent.
1087 1147 1302 1197 Quaesti0‚
1346 1149 1419 1201 qui

93 1206 150 1244 ita
174 1217 264 1244 non
289 1202 518 1251 redissent,
550 1204 592 1241 L.
618 1204 818 1242 Mummio
840 1204 1021 1255 praetori
1051 1203 1220 1243 decreta
1252 1204 1322 1244 est.
1363 1205 1419 1244 ad

93 1264 228 1317 legem
248 1272 288 1300 et
307 1260 486 1299 edictum
512 1259 688 1298 consulis
704 1260 1105 1299 senatusconsultum
1117 1262 1317 1315 adjectum
1337 1263 1418 1303 est:

94 1333 140 1358 ut
166 1319 360 1363 dictator,
397 1316 542 1367 consul,
581 1320 782 1365 interrex,
825 1317 979 1371 censor,
1026 1332 1190 1372 praetor
1219 1321 1290 1372 qu'i
1319 1334 1422 1360 nunc

93 1377 204 1429 effet,
253 1374 363 1428 apud
395 1388 528 1414 eorum
565 1388 670 1428 quem
707 1379 1072 1426 manumitteretur,
1123 1379 1162 1415 in
1202 1376 1420 1418 libertatem

93 1434 383 1479 vindicaretur,
446 1444 490 1470 ut
516 1431 791 1486 jusjurandum
820 1432 958 1478 daret,
1019 1436 1085 1487 qui
1112 1447 1193 1473 eum
1220 1439 1420 1475 manumit-

93 1504 218 1539 teret,
261 1492 432 1529 civitatis
457 1489 663 1529 mutandae
693 1489 798 1543 causta
825 1504 938 1530 manu
958 1505 1034 1530 non
1054 1494 1233 1530 mittere.-
1271 1494 1342 1546 qui
1371 1493 1419 1533 id

93 1563 184 1587 non
200 1550 371 1601 juraret,
393 1562 486 1586 eum
502 1547 882 1588 manumittendum
899 1563 990 1588 non
1002 1549 1271 1589 censuerunt.
1302 1553 1419 1591 Haec

94 1608 141 1645 in
162 1606 374 1660 posterum
395 1605 512 1646 causa
532 1606 714 1662 jurisque
741 1604 866 1645 dietio
896 1608 942 1647 C.
964 1607 1136 1647 Claudio
1163 1607 1323 1649 consuli
1348 1609 1417 1650 de-

91 1675 204 1703 creta-
225 1663 295 1703 est.
1071 1666 1077 1669 “

207 1780 254 1819 Χ.
313 1778 431 1819 Dum
458 1779 563 1819 haec
586 1781 746 1819 Romae
773 1791 1000 1834 geruntur,
1043 1782 1100 1820 Μ.
1124 1782 1272 1821 Junius
1294 1793 1334 1822 et
1363 1780 1416 1822 A.

93 1838 299 1886 Manlius,
330 1839 400 1890 qui
421 1838 561 1890 priore
584 1852 700 1877 anno
722 1838 910 1877 eonsules
939 1838 1133 1889 fuerant,
1165 1845 1260 1879 cum
1290 1839 1420 1893 Aqui-

91 1897 196 1949 lejae
216 1893 525 1946 hibernassent,
546 1897 756 1950 principio
777 1898 886 1936 veris
900 1898 948 1936 in
969 1897 1074 1936 fines
1089 1898 1288 1937 lstrorum
1301 1912 1422 1937 exer-

91 1951 583 1993 citumintroduxerunt:
617 1956 687 1993 ubi
709 1968 801 1992 cum
818 1953 946 1993 effuse
956 1957 1273 2008 popularentur,
1298 1955 1421 1994 dolor

93 2012 221 2065 magis
234 2021 274 2049 et
293 2009 531 2063 indignatio
555 2011 682 2065 diripi
695 2026 759 2051 res
784 2012 872 2050 suas
892 2025 1120 2053 cernentes
1135 2016 1272 2063 Istros,
1294 2028 1421 2068 quam

93 2081 206 2108 certa
223 2067 336 2122 spes,
365 2067 459 2108 satis
482 2068 555 2109 fibi
575 2071 727 2109 virium
747 2070 941 2110 adversus
962 2070 1066 2110 duos
1089 2073 1320 2122 exercitus,
1353 2086 1420 2111 ex-

92 2127 201 2166 civit.
239 2125 444 2166 concursu
467 2141 520 2166 ex
539 2128 733 2166 omnibus
755 2130 919 2181 populis
940 2129 1166 2181 juventutis
1195 2129 1299 2168 facto
1314 2160 1324 2178 ,
1356 2143 1422 2168 re-

93 2184 293 2237 pentinus
318 2194 357 2223 et
380 2185 670 2224 tumultuarius
691 2187 896 2224 exercitus
920 2188 1055 2225 acrius
1085 2189 1224 2243 primo
1246 2189 1419 2240 impetu,

94 2255 215 2294 quam
228 2240 580 2296 perseverantius,
601 2244 814 2298 pugnavit.
847 2243 914 2282 Ad
927 2256 1104 2297 quatuor
1122 2246 1253 2284 millia
1275 2259 1423 2284 eorum

95 2299 143 2337 in
161 2299 249 2337 acie
279 2298 414 2345 caesa:
444 2301 594 2349 ceteri,
634 2301 780 2340 omisso
813 2302 948 2351 bello,
984 2304 1032 2340 in
1057 2305 1241 2343 civitates
1272 2302 1424 2356 passim

95 2354 369 2409 diffugerunt.
428 2356 532 2396 inde
553 2359 706 2411 legatos
730 2361 917 2412 primum
942 2360 997 2398 ad
1017 2376 1162 2414 pacem
1191 2360 1425 2414 petendam

96 2415 144 2451 in
161 2414 294 2453 castra
313 2415 530 2464 Romana,
563 2416 722 2455 deinde
743 2417 902 2456 obsides
921 2418 1146 2471 imperatos
1160 2448 1170 2468 ,
1203 2419 1421 2457 miserunt.

97 2472 208 2510 Haeo
227 2485 329 2511 cum
344 2473 505 2514 Romae
525 2475 693 2529 cognita
713 2475 845 2514 literis
865 2476 1165 2529 proconsulum
1187 2475 1320 2518 essent
1334 2506 1345 2524 ,
1379 2476 1422 2514 C.

758 2534 832 2572 Hh
868 2543 890 2582 5
1306 2536 1424 2572 Clan-
