1548 2703
312 98 518 155 L1BE1‘1'
557 116 641 153 XL.
699 115 810 153 cn.
848 112 975 151 xxv.
1012 112 1158 152 xxvt.
1328 108 1416 159 453

370 185 425 223 U.
458 185 501 222 C.
534 186 631 228 57¹·
772 197 807 219 a.
841 181 886 218 C.
918 182 972 220 N.
1008 187 1098 223 181.

83 275 152 307 eos
183 264 292 319 ipsos
322 260 511 317 montes,
560 262 677 301 und-e
717 272 957 303 averterant
991 260 1173 308 hostem,
1224 259 1413 299 exercitu

75 324 202 364 'omni
224 333 364 361 coacto
378 351 388 370 ,
422 330 597 373 repente
621 319 893 360 multitudine
922 318 1088 373 ingenti
1108 317 1238 357 castra
1258 319 1412 356 Roma-

82 378 239 421 norum
265 392 509 434 oppugnare
540 376 658 416 simul
697 377 1030 432 omnibusportis
1069 374 1241 430 aggressi
1295 373 1408 413 sunt.

84 434 254 481 Suinina
274 439 315 478 vi
335 440 468 475 totum
481 434 600 473 *diem
620 447 945 488 oppugnarunt,
977 435 1034 473 ita
1053 444 1098 472 ut
1118 447 1174 471 ne
1193 430 1412 472 *efferendi

82 496 252 551 quidem
283 494 395 547 signa
426 493 630 532 Romanis
662 492 858 545 spatium,
900 506 983 531 nec
1021 490 1075 529 ad
1113 489 1412 543 explicandam

84 555 217 594 aciem
241 554 354 591 locus
378 549 489 590 esset.
551 548 744 590 Conserti
771 551 820 589 in
845 551 998 604 portis,
1037 546 1240 588 obstando
1266 547 1410 600 magis,

83 625 212 665 quam
236 607 490 663 pugnando,
521 607 652 646 castra
675 609 930 647 tutabantur.
993 607 1076 646 Sub
1104 603 1292 644 occasum
1316 604 1412 644 solis

83 683 180 708 cum
208 664 466 706 receffissent
495 665 654 714 hostes,
696 664 800 705 duos
830 666 1000 719 equites>
1019 663 1071 702 ad
1100 665 1177 702 Cn.
1205 663 1411 701 Baebium

80 724 377 781 proconsulem
399 738 492 762 cum
515 723 647 762 literis
672 721 778 762 Pisas
802 724 950 771 mittit,
983 733 1028 760 ut
1050 719 1205 778 obsesso
1231 718 1303 758 fibi
1332 717 1411 773 per

81 781 608 834 inducias‘quamprimum
628 779 805 819 subsidio
830 781 1009 819 veniret.
1052 778 1229 817 Baebius
1252 777 1411 829 exerci-

81 848 182 881 tum'
202 841 258 880 M.
281 839 448 878 Pinario
476 835 682 892 praetori,
716 838 834 876 eunti
862 838 911 876 in
935 835 1198 885 Sardiniam,
1228 833 1412 873 tradide-

80 901 157 938 rat.
192 907 375 935 ceterum
399 906 439 934 et
458 894 648 933 senatum
675 895 806 933 literis
827 895 1050 934 certiorem
1072 893 1192 942 fecit,
1229 889 1409 932 obsideri

80 970 105 995 a
122 955 338 1008 Liguribus
360 955 403 993 L.
424 952 675 1001 Aemilium,
710 963 750 991 et
770 954 827 992 M.
851 951 1024 992 Claudio
1044 950 1259 999 Marcello,
1294 950 1408 1001 cujus

79 1013 276 1068 proxima
299 1010 408 1050 'inde
431 1011 651 1064 provincia
680 1021 788 1060 erat,
825 1009 1006 1063 scripsit,
1037 1020 1103 1059 ut,
1140 1007 1170 1047 fi
1193 1008 1408 1047 videretur

81 1071 143 1120 ei,
173 1069 401 1109 exercitum
425 1082 478 1106 ex
500 1068 639 1107 Gallia
660 1067 896 1106 traduceret
915 1069 964 1106 in
984 1068 1168 1120 Ligures,
1199 1077 1241 1104 et
1261 1067 1306 1104 L.
1327 1063 1410 1103 Ae-

79 1128 246 1167 milium
279 1127 475 1165 liberaret
511 1124 738 1164 obsidione.
811 1126 924 1164 Haec
961 1124 1051 1163 sera
1082 1121 1409 1162 futura‘auxilia

80 1196 218 1226 erant.
260 1184 428 1236 Ligures
452 1182 615 1236 postero
637 1181 704 1221 die
726 1181 778 1220 ad
799 1182 928 1220 castra
950 1181 1145 1221 redeunt.
1186 1180 1406 1228 Aemilius,

80 1257 178 1283 cum
208 1253 249 1281 et
277 1249 476 1280 venturos
499 1238 652 1288 scisset,
687 1250 726 1277 et
750 1238 928 1278 educere
956 1240 1004 1278 in
1033 1240 1166 1278 aciem
1197 1236 1406 1292 potuisset,

80 1302 196 1341 intra
214 1299 371 1339 vallum
390 1297 479 1336 suos
502 1298 658 1345 tenuit,
698 1307 742 1334 ut
764 1297 1005 1336 extraheret
1034 1311 1123 1335 rem
1151 1296 1202 1334 in
1232 1295 1278 1334 id
1303 1305 1406 1334 tem·

78 1371 179 1413 pus,
216 1370 301 1410 quo
322 1356 498 1396 Baebius
521 1368 618 1394 cum
639 1354 824 1394 exercitu
845 1355 993 1395 venire
1017 1368 1039 1392 a
1061 1352 1156 1393 Pisis
1176 1352 1322 1408 posset.

191 1473 339 1513 XXVI.
368 1472 529 1511 Romae
546 1484 742 1526 magnam
760 1470 1088 1525 trepidationem
1103 1471 1247 1510 literae
1259 1469 1404 1509 Baebii

75 1529 293 1571 fecerunt:
323 1543 377 1569 eo
393 1529 619 1582 majorem,
645 1528 756 1582 quod
778 1544 927 1583 paucos
949 1528 1039 1583 post
1059 1528 1147 1568 dies
1168 1528 1402 1575 Marcellus,

76 1587 231 1627 tradito
253 1588 440 1627 exercitu
459 1587 606 1633 Fabio,
639 1588 820 1625 Romam
849 1602 943 1626 cum
967 1586 1164 1635 venisset,
1196 1585 1310 1638 spem
1335 1583 1405 1623 ad-

77 1646 193 1695 emit,
221 1659 333 1694 eum,
365 1641 437 1697 qui
457 1645 506 1684 in
526 1645 666 1683 Gallia
689 1644 801 1691 esset,
823 1646 1053 1683 exercitum
1072 1645 1120 1683 in
1134 1645 1303 1696 Ligures
1324 1653 1403 1681 tra·
1424 1640 1442 1645 ⁷*

77 1702 174 1742 duci
197 1701 334 1755 posse,
365 1702 461 1754 quia
486 1702 640 1740 bellum
668 1717 760 1740 cum
786 1702 898 1741 Isti-is
924 1701 1042 1751 esset,
1080 1701 1402 1755 prohibentibus

76 1761 288 1800 coloniam
308 1758 547 1813 Aquileiam
571 1759 736 1800 deduci.
772 1774 821 1799 co
844 1759 1080 1814 profectum
1102 1759 1296 1807 Fabium,
1328 1772 1401 1796 ne-

76 1831 158 1870 que
180 1816 283 1856 inde
307 1816 494 1870 regredi,
534 1818 644 1855 bello
672 1815 891 1866 inchoato,
934 1816 1060 1870 posse.
1124 1818 1245 1866 Una,
1282 1826 1322 1854 et
1353 1828 1403 1854 ea
1458 1822 1462 1823 ⁷

74 1873 161 1928 ipsa
183 1874 364 1923 tardior,
398 1888 521 1927 quam
543 1876 708 1928 tempus
726 1875 970 1929 postulabat,
998 1873 1166 1913 subsidii
1185 1873 1276 1927 spes
1297 1884 1399 1922 erat,

3 1966 19 1977 „
74 1931 105 1971 fi
123 1931 313 1982 consules
332 1931 604 1970 maturassent
622 1934 669 1971 in
688 1933 953 1986 provinciam
972 1934 1047 1971 ire.
1069 1931 1113 1971 id
1132 1943 1175 1972 ut
1192 1931 1403 1977 facerent,

21 2011 29 2019 κ
72 1994 152 2044 pro
183 1988 224 2028 se
253 1989 423 2042 quisque
447 1991 612 2028 Pati-um
639 1989 870 2029 vociferari.
932 1989 1152 2044 Consules,
1193 1987 1271 2027 nifi
1300 2002 1400 2028 con-

74 2046 184 2086 fecto
202 2045 381 2096 delectu,
415 2060 571 2100 negare
591 2047 633 2086 se
653 2047 794 2097 ituros,
828 2062 911 2087 nec
929 2047 1040 2086 suam
1062 2046 1295 2100 segnitiem,
1325 2043 1399 2085 [ed

72 2105 160 2156 vim
182 2103 340 2153 morbi,
373 2102 421 2143 in
444 2103 562 2143 causa
581 2104 683 2154 effe,
715 2120 796 2157 quo
826 2105 953 2144 serius
983 2104 1269 2158 perficeretur.
1304 2115 1400 2142 non.

73 2168 218 2200 famen
237 2172 467 2215 potuerunt
484 2161 691 2201 sustinere
708 2162 959 2202 consensum
981 2162 1172 2211 senatus,
1202 2162 1307 2215 quin
1329 2174 1400 2215 pa-

56 2217 210 2275 ‘ludati-
224 2219 413 2267 exirent,
453 2229 494 2258 et
514 2220 736 2268 militibus,
768 2234 869 2273 quos
892 2220 1148 2274 conscriptos
1170 2219 1396 2269 haberent,

44 2298 58 2308 ι·
73 2269 185 2314 diem
206 2275 443 2325 edicerent,
480 2291 560 2330 quo
584 2276 687 2317 Pisas
709 2278 1007 2318 convenirent.
1037 2276 1310 2332 permissum,
1336 2287 1399 2325 ut,

74 2346 158 2387 qua¹
176 2330 310 2382 irent,
342 2336 536 2389 protinus
565 2333 782 2375 subitarios
807 2336 959 2375 milites
982 2334 1239 2383 scriberent,
1275 2333 1399 2373 duce-

73 2399 254 2442 rentque
275 2390 427 2430 secum.
475 2392 528 2431 Et
549 2393 832 2444 praetoribus,
864 2394 915 2443 Q.
943 2393 1101 2432 Petillio
1124 2403 1164 2430 et
1184 2393 1234 2444 Q.
1254 2392 1397 2439 Fabio,

12 2496 13 2499 Ἰ
73 2447 325 2501 imperatum
346 2448 426 2498 est,
456 2459 500 2487 ut
521 2448 700 2489 petillius
730 2448 832 2489 duas
860 2450 1047 2503 legiones
1069 2449 1223 2489 civium
1244 2450 1399 2489 Roma·

71 2512 230 2561 norum
254 2506 544 2547 tumultuarias
565 2505 788 2556 scriberet,
827 2518 867 2546 et
891 2520 1039 2547 omnes
1062 2508 1248 2547 minores
1275 2507 1399 2561 quin-

720 2565 755 2605 F
769 2563 790 2604 s
809 2568 844 2610 3
1292 2576 1401 2617 ,qua-
