1548 2703
111 82 209 132 324
348 82 380 122 L
409 77 492 123 I'B
521 75 559 123 E
587 84 627 124 R
667 78 893 125 xxxvui.
942 75 1146 136 cmv.
1170 77 1244 127 vt.

403 155 450 192 U.
478 155 520 192 C.
546 156 642 199 563.
876 171 910 194 a.
934 156 978 192 C.
1006 156 1055 193 N.
1085 162 1174 207 189.

125 232 395 287 sringebant:
423 233 576 272 adhoc
598 235 913 289 eruptionibus,
945 246 985 274 et
1010 237 1230 274 nocturnis
1257 235 1305 273 in
1325 235 1454 274 custo·
1499 240 1507 244 “

125 290 213 330 dias
234 305 409 346 operum
423 322 433 340 ,
468 302 508 330 et
527 291 690 332 diurnis
709 292 757 331 in
776 290 971 331 stationes
985 294 1006 342 ‚'
1027 294 1135 331 ultro
1155 303 1359 331 terrorem
1383 293 1451 332 in-

124 348 332 388 ferebant.
394 350 447 387 In
476 350 556 388 hoc
586 349 684 388 statu
706 363 772 388 res
804 350 858 389 ad
877 349 1149 389 Ambraciam¹
1176 364 1270 388 cum
1300 349 1450 399 essent,

123 407 204 459 jam
227 406 365 446 Aetoli
395 421 417 445 a
439 408 710 460 populatione
730 406 997 446 Acarnaniae
1016 408 1195 448 Stratum
1217 406 1450 447 redierant.

120 463 225 503 inde
244 464 464 505 Nicander
485 476 674 518 praetor,
714 463 829 518 spem
850 477 996 505 nactus
1025 464 1249 504 solvendae
1277 465 1450 518 incepto

120 520 220 560 soi-zi
240 521 479 570 obsidionis,
501 522 779 562 Nicodamum
804 520 1016 577 quendam
1033 537 1127 561 cum
1148 520 1307 561 Aetolis
1327 523 1469 575 quin-s

118 581 255 634 gentis
276 579 542 618 Ambraciam
562 580 818 620 intromittit.
876 592 1045 620 noctem
1077 590 1237 619 certam
1267 590 1463 634 tempus--

120 651 201 691 que
228 639 351 677 etiam
379 638 515 677 noctis
542 637 776 687 constituit,
831 653 912 691 quo
945 649 985 677 et
1015 638 1077 677 illi
1107 640 1158 676 ab
1184 638 1289 676 urbe
1318 650 1448 690 opera.

118 694 313 745 hostium,
344 709 449 748 quae
473 695 666 735 adversus
690 695 922 748 Pyrrheum
943 705 1079 742 erant,
1101 694 1445 748 aggrederemur,

119 763 160 791 et
182 753 268 805 ipse
288 753 342 792 ad
362 753 492 791 castra
515 754 710 792 Romana
735 764 943 792 terrorem
966 752 1147 802 faceret3
1180 751 1296 807 posse
1317 763 1444 801 ratus,

119 812 296 865 ancipiti
316 812 495 849 tumultu
519 822 558 849 et
588 821 712 849 nocte
735 820 915 863 augente
937 824 1160 864 pavorem,
1198 811 1446 849 memorabi'·
1472 841 1474 845 ,

116 868 202 907 lem
232 883 323 906 rein
352 869 450 922 geri.
512 868 565 906 Et
595 866 848 908 Nicodamus
877 867 1129 920 intempesta
1155 878 1306 917 nocte,
1347 881 1445 906 cum

117 927 217 965 alias
242 925 447 966 custodias
465 923 689 973 fefellisset,
722 939 800 978 per
821 926 921 965 alias
942 927 1101 978 impetu
1124 924 1334 964 constanti
1352 938 1444 963 eru-

115 983 262 1036 pisset,
305 983 495 1037 superato
517 983 689 1022 brachio
714 983 762 1021 in
791 985 937 1022 urbem
968 993 1186 1035 penetrat;
1226 983 1443 1035 animique

115 1042 373 1095 aliquantum
403 1040 457 1079 ad
485 1041 628 1079 omnia
658 1038 855 1079 audenda
882 1052 922 1079 et
953 1038 1040 1093 spei
1071 1038 1236 1079 obsessis
1263 1039 1442 1093 adjecit;
1469 1062 1471 1064 -

115 1110 178 1148 et,
222 1098 340 1139 simul
372 1096 593 1137 constituta
620 1111 711 1136 nox
741 1098 884 1146 venit,
927 1111 980 1136 ex
1008 1096 1231 1151 composito
1261 1108 1442 1151 repente

115 1171 244 1210 opera
266 1156 323 1196 est
341 1155 562 1209 aggressus.
619 1155 668 1193 ld
687 1155 904 1208 inceptum
927 1166 1092 1204 conatu,
1126 1168 1251 1206 quam
1271 1153 1440 1204 effectu,-

113 1215 278 1268 gravius
307 1213 406 1262 fuit,
454 1215 549 1266 quia
579 1214 696 1251 nulla
726 1215 776 1251 ab
807 1214 1013 1251 exteriore
1043 1223 1161 1266 parte
1189 1214 1247 1252 vis
1274 1210 1442 1255 admota
1469 1217 1472 1222 '

114 1272 195 1323 est3
237 1271 307 1311 [eu
336 1282 451 1310 metu
482 1271 680 1312 deterrito
713 1282 905 1324 praetore
940 1268 1208 1315 Aetolorum,
1242 1269 1311 1309 seu
1340 1271 1467 1323 quia*

113 1331 251 1383 potius
274 1329 402 1368 visum
425 1328 506 1376 est,
548 1327 840 1381 Amphilochis
870 1342 991 1381 opem
1014 1327 1128 1366 ferre
1158 1341 1298 1381 nuper
1327 1338 1441 1367 rece⁴

112 1388 218 1441 ptis·‚
264 1381 363 1440 quos
387 1387 551 1426 Perseus
582 1386 762 1439 Philippi
790 1385 916 1434 filius,
955 1385 1095 1423 missus
1126 1384 1179 1423 ad
1208 1385 1437 1439 Dolopid'in

113 1444 500 1498 Amphilochosque
518 1443 812 1497 recipiendos,
843 1443 1000 1481 summa
1020 1444 1059 1482 vi
1087 1445 1368 1497 oppugnabat.
1390 1448 1392 1450 ’
1448 1462 1451 1464 ·

227 1563 299 1602 VI.
358 1561 512 1600 Tribus
540 1559 663 1608 locis,
701 1557 801 1598 ficut
829 1569 928 1597 ante
960 1557 1113 1597 dietum
1148 1554 1225 1606 est,
1266 1556 1320 1597 ad
1341 1560 1439 1612 Pyr-

117 1621 266 1660 rheum
291 1633 419 1672 opera
442 1620 636 1657 Romana
658 1628 801 1657 erant:
828 1630 931 1671 quae
952 1617 1094 1654 omnia
1113 1615 1243 1665 simul,
1265 1615 1335 1656 sed
1357 1631 1441 1657 nee

117 1689 338 1733 apparatu,
369 1691 450 1714 nee
469 1677 510 1715 vi·
529 1675 674 1724 funili,
705 1675 842 1713 Aetoli
873 1674 1042 1728 aggresli
1073 1673 1182 1712 sunt.
1243 1675 1312 1715 alii
1340 1690 1468 1716 cum·

109 1736 362 1774 *ardentibus
383 1733 565 1781 facibus,
597 1734 667 1771 alii
696 1733 880 1785 stuppam
911 1734 1131 1786 picemque
1162 1743 1200 1770 et
1220 1734 1438 1780 malleolos

116 1793 316 1841 ferentes,
344 1803 429 1830 tota
448 1793 681 1830 collucente
703 1791 878 1828 flammis
902 1790 1002 1838 acie,
1032 1789 1256 1830 advenere.
1288 1792 1441 1832 multos

116 1853 254 1905 primo
275 1852 434 1901 impetu
456 1848 643 1888 custodes
669 1846 976 1901 oppresserunt.
1012 1846 1193 1898 deinde,
1220 1849 1437 1902 postquam

117 1912 274 1947 clamor
301 1909 583 1959 tumultusque
614 1907 658 1944 in
683 1903 814 1944 castra
844 1904 902 1943 est
930 1906 1134 1957 perlatus,
1170 1906 1395 1960 datumque
1413 1914 1438 1946 a

116 1967 284 2005 consule
303 1966 477 2019 lignum,
500 1978 614 2002 arma
634 1964 819 2017 capiunt,
839 1974 878 2001 et
896 1963 1088 2001 omnibus
1102 1964 1231 2016 portis
1245 1963 1295 2002 ad
1310 1978 1436 2017 opem.

115 2023 338 2063 ferendam
362 2021 655 2061 effunduntur.
696 2022 797 2059 Uno
819 2022 865 2058 in
888 2021 981 2058 loco
1003 2019 1116 2059 ferro
1137 2021 1306 2074 ignique
1327 2020 1437 2074 gesta
1478 2038 1480 2041 ·

117 2096 183 2121 res
205 2081 273 2120 est.
317 2095 338 2118 a
360 2080 517 2118 duobus
546 2080 665 2118 irrito
686 2080 875 2130 incepto,
908 2093 1002 2115 eum
1033 2078 1259 2117 tentassent
1288 2081 1434 2133 magis,

118 2154 242 2193 quam
276 2137 452 2177 inissent
480 2142 719 2184 certamen,
762 2135 899 2174 Aetoli
933 2135 1227 2174 abscesserunt.
1296 2136 1435 2176 Atrox

116 2212 255 2252 pugna
274 2197 320 2235 in
344 2210 477 2234 unum
495 2195 773 2233 inclinaverat
792 2195 942 2231 locum.
983 2194 1042 2231 ibi
1061 2192 1228 2232 diverfis
1248 2195 1435 2247 parribus

118 2254 199 2293 duo
230 2254 356 2292 duces
385 2254 641 2306 Eupolemus
677 2251 1000 2290 etrNicodamus
1033 2251 1267 2304 pugnantes
1298 2252 1436 2290 horta.-

119 2314 284 2360 bantur,
318 2321 357 2349 et
379 2325 511 2364 prope
532 2322 644 2348 certa
665 2308 866 2347 fovebant
887 2309 968 2362 spe,
990 2309 1072 2360 jam
1097 2309 1358 2348 Nicandrum
1381 2323 1435 2348 ex

115 2369 337 2423 compuliio
368 2368 522 2416 aflore,
571 2378 610 2406 et
645 2378 756 2418 terga
797 2365 972 2404 hostium
1005 2365 1259 2405 invasurum.
1321 2369 1435 2406 Haec

116 2442 181 2467 res
206 2426 460 2479 aliquamdiu
482 2425 645 2463 animos
669 2426 948 2477 pugnantium
974 2422 1176 2463 sustinuit.
1233 2431 1432 2474 ceterum,
1463 2452 1467 2455 -
1502 2459 1505 2462 .

116 2484 329 2538 postquam
348 2485 513 2522 nullum
535 2497 588 2521 ex
606 2479 828 2535 composito
841 2481 999 2535 lignum
1020 2494 1042 2519 a
1060 2480 1140 2521 suis
1158 2483 1433 2537 accipiebant,
1469 2509 1472 2513 -

1391 2550 1434 2578 et
