1548 2703
314 67 355 105 *L
386 67 406 104 1-
434 67 468 116 Β
497 65 533 104 Ε
556 66 609 105 st
647 65 790 104 xmv.
859 38 1145 103 cinit-111.
1314 70 1396 118 583

362 138 411 175 U.
437 137 479 173 c,
503 134 599 179 583.
624 184 628 189 „
800 149 833 172 a.
860 136 902 172 (3.
931 135 982 173 N.
1014 136 1104 186 169.

71 216 538 277 fisquoque'invehatur
560 213 958 261 hostiumglitoribus.
1006 215 1197 255 Praetore
1217 215 1397 266 dimisso,

70 273 238 322 consul,
276 272 536 315 menstruum
564 270 667 323 jusso
691 271 824 310 milite
849 270 989 310 secum
1017 270 1153 324 ferre,
1185 273 1397 328 profectus

71 331 236 372 decimo
256 331 344 385 post
370 330 460 377 die,
492 342 614 382 quam
638 329 869 368 exercitum
890 343 1127 383 acceperat,
1159 332 1287 371 castra
1307 347 1396 371 mo-

69 391 150 429 vit:
183 400 244 437 et,
272 389 396 428 unius
419 387 501 426 diei
533 386 768 440 progressus
792 388 894 437 iter,
929 391 1165 428 convocatis
1189 391 1395 429 itinerum

63 447 242 491 ¹ducibus
257 477 267 495 ‚
304 461 421 493 cum,
460 454 726 497 exponerent
756 445 804 483 in
834 447 1038 494 concilio,
1080 446 1268 499 jussisset,
1310 461 1394 499 qua

69 506 242 558 quisque
269 503 464 542 ducturus
495 500 620 551 esset;
651 501 850 541 submotis
877 504 1108 556 iissquam
1140 503 1395 556 potissimum.

68 572 254 616 peteret,
285 561 425 599 retulit
447 557 499 598 ad
519 559 760 598 concilium.
820 559 926 599 Aliis
947 575 1025 614 per
1045 561 1235 613 Pythium
1259 562 1395 615 place-2

69 619 141 658 bat
160 620 244 657 via:
276 619 365 656 aliis
385 632 462 671 per
479 618 732 656 Cambunios
763 628 949 666 montes,
989 632 1070 672 qua
1098 620 1242 672 priore
1273 633 1393 658 anno

69 675 247 715 duxerat
266 675 459 715 Hostilius
490 673 657 716 consul:
695 675 785 714 aliis
817 686 982 729 praeter
1013 675 1258 722 Ascuridem
1280 679 1394 730 palu-

69 733 184 772 dem.
222 733 421 771 Restabat
445 733 704 785 aliquantum
725 733 815 772 viae
835 733 1095 774 communis:
1126 734 1265 787 itaque
1286 734 1394 774 inid

68 802 257 844 tempus,
282 800 389 843 ‘quo
417 803 549 843 prope
576 788 801 828 divortium
828 791 1032 830 itinerum
1062 790 1191 830 eastra
1214 789 1394 845 'posituri

68 860 217 896 erant,
257 848 502 887 deliberatio
529 846 613 898 ejus
642 847 705 885 rei
736 846 945 887 differtur.
1013 849 1067 887 In
1097 849 1393 888 Perrhaebiam

66 906 171 945 inde
193 905 319 954 ducit,
339 916 379 944 et
398 907 514 944 inter
524 902 712 942 Azorum
733 915 773 943 et
783 904 999 944 Dolichen
1019 905 1161 946 stativa
1180 907 1325 946 habuit
1338 907 1394 946 ad.

67 961 373 1002 consulendum
393 961 554 1012 rursus,
586 976 708 1014 quam
730 962 987 1015 potissimum
1015 964 1243 1017 capesseret
1267 966 1391 1004 viam.

66 1023 144 1062 Per
165 1019 335 1060 eosdem
357 1019 444 1059 dies
465 1018 646 1069 Perseus,
667 1034 760 1058 cum
783 1022 1124 1074 appropinquare
1139 1022 1296 1060 hostem
1320 1022 1393 1062 sci-

66 1089 152 1127 ret,
183 1077 294 1131 quod
312 1078 392 1117 iter
411 1078 614 1130 petiturus
635 1076 734 1116 esset
754 1078 945 1130 ignarus,
984 1092 1133 1117 omnes
1153 1079 1276 1118 saltus
1296 1080 1392 1119 infr-

69 1136 170 1174 dere
192 1135 403 1187 praesidiis
417 1135 564 1173 statuit.
595 1135 661 1174 ,In
678 1135 818 1187 jugum
834 1136 1161 1174 Cambuniorum
1183 1139 1391 1177 montium

68 1192 314 1243 (Volustana
337 1192 411 1245 ipsi
431 1192 600 1240 vocant)
632 1191 778 1230 decern
803 1193 935 1231 millia
955 1194 1056 1234 levis
1078 1205 1312 1234 armaturae
1332 1197 1393 1248 ju-

67 1265 228 1291 venum
245 1265 339 1289 cum
353 1249 457 1288 duce
477 1248 766 1302 Asclepiodoto
786 1250 934 1288 mittit:
960 1249 1016 1289 ad
1031 1250 1257 1300 castellum,
1272 1245 1392 1306 vquot!

65 1309 189 1363 super
209 1306 454 1347 Ascuridem
475 1306 671 1359 paludem
692 1317 795 1356 erat,
823 1308 1050 1360 (Lepethus
1064 1320 1237 1347 vocatur
1256 1311 1391 1363 locus)

67 1367 243 1419 Hippias
282 1375 428 1403 tenere
467 1363 613 1402 saltum
653 1379 749 1402 cum
777 1363 1000 1403 duodecim
1035 1367 1215 1404 millium
1255 1370 1395 1407 Mace-

65 1423 224 1462 donum
252 1421 454 1475 praefidio
476 1420 614 1474 jussus.
674 1420 762 1475 Ipse
782 1436 876 1460 cum
906 1423 1077 1475 reliquis
1099 1425 1228 1477 copiis
1252 1428 1392 1478 primo

67 1482 179 1520 circa
196 1480 328 1519 Dium
350 1478 492 1518 stativa
512 1479 669 1518 habuit.
717 1478 898 1527 deinde,
939 1479 1044 1518 adeo
1066 1491 1111 1518 ut
1137 1483 1392 1537 obtorpuisse

67 1540 198 1592 inops'
220 1536 380 1576 eonfflii
407 1536 642 1586 videretur,
685 1551 776 1574 cum
806 1538 1010 1589 equitibus
1038 1538 1242 1592 expeditis
1268 1542 1392 1580 litore

68 1609 190 1637 nunc
220 1596 490 1644 Heracleum,
549 1608 669 1637 nunc
700 1595 858 1633 Philam
888 1598 1181 1648 percurrebat,
1241 1597 1392 1638 eodem

68 1653 174 1693 inde
193 1652 312 1693 cursu
325 1652 459 1693 Dium
487 1662 697 1705 repetens.

175 1770 250 1808 111.
297 1770 477 1810 Interim
499 1767 660 1808 consuli
681 1768 889 1808 sententia
911 1767 1019 1807 stetit
1040 1782 1089 1807 eo
1107 1768 1209 1808 saltu
1223 1769 1392 1824 ducere,

69 1829 142 1868 ubi
171 1826 350 1882 propterv
377 1827 658 1880 Octolophum
688 1826 871 1866 diximus
902 1828 1010 1880 regis
1036 1827 1212 1867 castra&
1275 1832 1395 1869 Prae.

70 1886 179 1925 misti
202 1896 343 1924 tamen
362 1896 536 1938 quatuor
557 1886 687 1923 millia
709 1895 963 1930 armatorum
978 1883 1029 1922 ad
1043 1885 1132 1923 loca
1145 1880 1397 1938 opportuna.

68 1943 416 1999 praeoccupanda
435 1944 610 1997 placuit:
641 1948 733 1996 quis
754 1941 976 1995 praepositi
998 1941 1094 1980 sunt
1110 1945 1165 1982 Μ.
1180 1945 1391 1995 Claudius,

71 2004 124 2054 Q.
149 2002 328 2040 Marcius
349 2001 527 2039 consulis
548 2000 668 2039 filius.
707 1998 927 2038 confestim
947 2010 989 2038 et
1008 1999 1227 2039 universae
1246 2005 1393 2055 copiae

70 2059 364 2112 sequebantur.
413 2059 610 2097 Ceterum
623 2056 726 2096 adeo
751 2056 880 2095 ardua
893 2068 932 2096 et
943 2056 1086 2111 aspera
1096 2068 1135 2096 et
1147 2058 1392 2113 confragosa.

70 2117 138 2157 via
155 2115 254 2165 fuit,
285 2127 329 2154 ut
351 2115 558 2170 praemissi
583 2114 767 2168 expediti
789 2113 915 2153 hiduo
945 2113 1189 2168 quindecim
1210 2118 1391 2156 millium

71 2173 259 2226 passuum
281 2187 401 2226 aegre
420 2174 576 2212 itinere
596 2171 789 2211 confecto
817 2171 946 2210 castra
967 2171 1202 2225 posuerint:
1239 2177 1391 2214 turrim.

72 2230 258 2272 Eudieru
273 2261 283 2279 ,
313 2245 437 2284 quem
458 2244 621 2284 cepere,
651 2230 788 2285 locum
810 2230 1037 2283 appellant.
1098 2229 1204 2268 Inde
1226 2232 1390 2284 postero

76 2287 146 2326 die
165 2287 320 2342 septem
342 2289 472 2328 millia
483 2286 708 2342 ··progresfi‚
733 2288 892 2326 tumulo
910 2286 1022 2325 haud
1042 2289 1187 2341 procul
1208 2288 1389 2328 hostium

76 2344 215 2384 castris
240 2357 382 2399 capto,
432 2346 631 2385 nuntium
653 2344 707 2383 ad
724 2344 935 2383 consulem
957 2345 1197 2383 remittunt:
1228 2359 1393 2398 pervem

76 2415 160 2441 tum
185 2402 234 2441 aot
261 2401 396 2453 hostem
426 2402 517 2456 effe,
546 2402 625 2442 loco
646 2401 689 2457 se
723 2414 831 2451 tuto,
865 2414 901 2440 et
929 2400 979 2440 ad
1009 2406 1133 2442 omnia
1164 2415 1387 2455 opportuno

76 2459 273 2515 consedzffi
283 2475 300 2508 ;
340 2472 407 2517 ut,
448 2473 633 2514 quantum
666 2458 873 2503 extendere
904 2462 981 2500 iter
1010 2459 1155 2513 φοβεῖ,
1195 2459 1393 2513 conseque.

1259 2529 1389 2560 retur.
