1548 2703
163 27 249 79 576
387 76 393 78 ὴ
419 22 635 78 *LIBER
662 23 807 65 XLIII.
874 27 983 67 CAP.
1013 28 1082 68 XI.
1115 29 1208 69 ΧΠ.

401 95 448 132 U·
473 95 517 132 C·
540 97 637 140 582.
663 98 760 141 583.
830 109 866 134 a.
889 97 933 135 C.
957 97 1011 135 N.
1042 108 1132 147 170.
1163 100 1255 151 169.
1332 105 1335 111 “

163 186 210 215 ut
244 174 386 227 primo
416 186 574 225 quoque
602 184 793 226 tempore
821 174 869 213 in
899 176 1049 214 urbem
1076 175 1248 217 rediret.
1305 177 1482 216 interim

161 235 220 274 Μ.
261 230 415 270 Raecio
451 231 635 284 praetori
678 230 950 282 mandatum,
1008 243 1053 272 ut
1094 232 1230 272 edicto
1269 233 1483 274 senatores

161 302 311 329 omnes
332 304 384 328 ex
400 299 483 326 tota
505 289 624 326 Italia
644 288 739 337 (nifi
763 289 832 342 qui
855 289 1111 342 reipublicae
1140 290 1258 330 causa
1273 291 1481 341 abessent)
1530 326 1533 334 .

161 349 345 386 Romam
372 357 596 386 revocaret.
658 346 740 395 Qui
771 349 930 385 Romae
961 347 1117 396 essent,
1164 361 1222 387 ne
1252 348 1339 401 quis
1370 349 1481 389 ultra
1531 378 1532 382 ,

160 405 278 444 mille
298 403 484 458 passuum
506 404 556 441 ab
579 404 716 442 Roma
738 403 902 443 abesset.
942 403 1017 453 Ea,
1042 404 1102 443 uti
1124 405 1287 445 senatus
1307 405 1481 455 censuit,
1531 418 1548 459 ζ,

159 463 257 504 sunt
276 461 395 501 facta.
423 460 600 500 Comitia
620 461 853 500 consularia
867 471 967 500 ante
989 460 1103 500 diem
1122 462 1318 515 quintum
1327 463 1479 503 Kalen-

159 520 233 559 das
255 520 518 572 Septembres
551 517 683 558 suere.
743 518 882 558 Creati
904 519 1091 558 consules
1109 520 1208 559 sunt
1230 521 1281 572 Q.
1299 520 1481 561 Marcius
1531 540 1533 548 ,

160 577 375 631 Philippus
393 576 544 615 iterum
567 585 606 614 et
625 578 703 615 Cn.
727 576 926 616 Servilius
949 577 1113 631 Caepio.
1152 577 1243 631 post
1267 576 1382 617 diem
1400 589 1480 618 ter·
1530 622 1548 627 ⁴.

156 635 265 675 tium
284 646 493 688 praetores
511 633 608 672 sunt
627 633 728 672 sacti
749 637 793 673 C.
811 633 1050 683 Decimius,
1081 635 1138 675 M.
1160 634 1353 677 Claudius
1372 637 1481 676 Mar·
1531 642 1533 679 ζ

157 694 306 741 oenus,
356 693 399 732 C.
422 691 622 745 Sulpicius
657 692 825 741 Gallus,
874 693 918 731 C.
951 692 1132 732 Marcius
1153 692 1335 746 Figulus,
1390 693 1478 734 Ser.

156 750 377 791 Cornelius
399 749 606 798 Lentulus,
636 751 676 788 P.
696 749 891 804 Fontejus
910 750 1071 803 Capito.
1106 749 1342 806 Designatis
1361 763 1480 806 prae·
1532 753 1533 792 ff

156 808 316 849 toribus
344 818 512 861 praeter
541 806 640 846 duas
671 809 876 856 urbanas,
915 818 1091 861 quatuor
1113 808 1360 861 provinciae
1380 808 1481 850 sunt
1532 819 1533 823 ’

153 866 373 914 decretae,
405 865 628 917 Hispania,
671 876 712 903 et
745 864 966 913 Sardinia,
1003 876 1044 904 et
1073 865 1234 915 Sicilia,
1272 877 1313 906 et
1333 865 1476 907 claffis.

155 923 293 977 Legati
323 937 375 960 ex
394 921 663 970 Macedonia,
700 932 845 961 exacto
873 922 1105 962 admodum
1134 924 1280 963 mense
1300 925 1480 964 Februa·
1534 967 1535 970 ,

153 981 242 1030 rio,
284 979 518 1019 redierunt.
580 979 657 1028 Hi,
699 993 795 1032 quas
824 993 890 1019 res
921 994 969 1018 ea
993 981 1140 1020 aestate
1165 982 1367 1036 prospere
1395 981 1479 1037 ges-

153 1037 261 1079 sisset
281 1052 359 1077 rex
376 1037 570 1086 Perseus,
606 1034 872 1086 referebant,
911 1049 1168 1091 quantusque
1198 1039 1326 1078 timor
1350 1038 1480 1080 [ocios
1534 1032 1547 1070 Ἦ

152 1095 297 1152 populi
317 1095 502 1135 Romani
521 1095 709 1149 cepisset,
753 1105 813 1134 tot
843 1096 1016 1134 urbibus
1036 1096 1086 1134 in
1106 1097 1350 1151 potestatem
1367 1097 1478 1152 regis

152 1154 344 1194 redactis.
381 1154 609 1193 Exercitum
629 1152 789 1207 consulis
812 1153 1101 1207 infrequentem
1123 1155 1382 1196 commeatibus
1391 1154 1478 1198 vale
1534 1185 1536 1188 ι

151 1226 202 1269 go
224 1212 323 1252 datis
345 1226 420 1265 per
438 1210 675 1251 ambitionem
699 1210 792 1266 esse:
834 1211 984 1266 culpam
1014 1215 1096 1267 ejus
1129 1215 1190 1252 rei
1217 1211 1406 1266 consulem
1431 1215 1477 1253 in

150 1271 328 1311 erlbunos
351 1268 537 1313 militum,
577 1281 712 1309 contra
739 1268 824 1308 illos
848 1272 888 1308 in
910 1269 1094 1324 consulem
1114 1268 1304 1322 confit-re.
1361 1269 1478 1327 Igno·
1538 1295 1539 1300 =

149 1331 325 1377 minium,
362 1326 523 1365 Claudii
543 1328 755 1365 temeritate
775 1339 975 1379 acceptam,
1007 1326 1154 1368 elevare
1179 1341 1239 1368 eos
1263 1327 1403 1369 Patres
1417 1341 1477 1369 ac·

147 1397 360 1439 ceperunt,
418 1386 490 1436 qui
531 1396 750 1436 perpaucos
787 1383 914 1424 Italici
950 1387 1132 1439 generis,
1190 1397 1228 1424 et
1263 1397 1397 1441 magna
1426 1398 1476 1425 ea·

147 1455 266 1498 parte
309 1440 538 1482 tumulturio
585 1440 733 1481 delectu
783 1441 1017 1494 conscriptos
1064 1441 1118 1481 ibi
1150 1442 1289 1482 milites
1326 1438 1476 1492 amissos

151 1499 388 1554 referebant.
449 1497 646 1538 Consules
672 1496 893 1551 designati,
942 1499 1014 1537 ubi
1044 1499 1235 1552 primum
1262 1498 1475 1553 magistra-

149 1571 241 1599 tum
269 1556 466 1605 inissent,
515 1554 568 1594 de
590 1554 841 1594 Macedonia
868 1554 1031 1594 referre
1058 1555 1112 1594 ad
1140 1556 1335 1596 senatum
1361 1555 1481 1611 jussi:

150 1616 460 1668 destinataeque
490 1613 736 1667 provinciae
775 1613 824 1652 iis
859 1613 956 1652 sunt
988 1614 1110 1656 Italia
1139 1624 1180 1653 et
1209 1612 1472 1656 Macedonia.

150 1677 241 1715 Hoc
263 1686 380 1712 anno
399 1671 693 1710 intercalatum
719 1670 801 1720 est3
841 1670 964 1710 tertio
994 1669 1062 1710 die
1091 1671 1182 1725 post
1209 1672 1475 1711 Terminalia

149 1730 367 1772 Kalendae
387 1729 659 1768 intercalares
689 1727 820 1766 suere.
881 1727 1123 1767 Sacerdotes
1147 1729 1264 1768 intra
1284 1744 1381 1769 eum
1402 1743 1476 1769 an-

148 1804 257 1830 num
285 1787 465 1835 mortui,
506 1788 547 1825 L.
580 1786 844 1824 Flamininus
862 1785 911 1806 ἢ
939 1787 1156 1840 pontifices
1185 1786 1267 1826 duo
1296 1785 1473 1826 decesse-
1536 1831 1538 1836 ‚

147 1858 273 1896 runt,
300 1849 343 1886 L.
364 1844 510 1883 Furius
534 1843 670 1882 Philus
689 1855 728 1882 et
750 1845 794 1883 C.
821 1843 957 1884 Livius
980 1844 1204 1884 Salinator.
1263 1845 1313 1883 in
1331 1846 1472 1884 locum

148 1905 264 1945 Furii
281 1906 331 1942 T.
345 1902 554 1942 Manlium
574 1902 847 1954 Torquatum,
878 1901 927 1940 in
946 1902 1052 1942 Livii
1061 1903 1118 1942 M.
1132 1901 1469 1957 Servilium-pon·

147 1964 272 2003 tifices
288 1963 493 2015 legerunt.
1139 1976 1143 1977 ⁷

254 2077 348 2117 XII.
382 2073 597 2127 Principio
623 2074 877 2127 insequentis
899 2075 1008 2114 anni
1035 2090 1132 2116 eum
1160 2075 1346 2116 eonsules
1367 2074 1471 2116 novi
1491 2096 1499 2099 -

146 2139 197 2189 Q.
227 2134 408 2176 Marcius
439 2143 480 2171 et
517 2133 594 2171 Cn.
626 2132 821 2173 Servilius
860 2131 913 2171 de
953 2132 1182 2187 provinciis
1220 2132 1470 2185 retulissent,

142 2194 285 2249 primo
304 2205 466 2245 quoque
476 2200 668 2243 tempore
689 2200 759 2228 aut
773 2205 1020 2244 comparare
1039 2204 1105 2230 eos
1117 2191 1232 2229 inter
1249 2190 1290 2230 se
1303 2191 1469 2246 Italiam

143 2263 184 2291 et
202 2248 519 2297 Macedoniam,
556 2258 625 2286 aut
655 2247 797 2287 sortiri
825 2248 1002 2301 placuit:
1042 2248 1285 2302 priusquam
1304 2247 1351 2287 id
1378 2247 1471 2287 sors

140 2318 362 2356 cerneret,
389 2306 439 2344 in
457 2305 693 2354 incertum,
723 2318 780 2343 ne
802 2305 902 2358 quid
920 2305 1051 2359 gratia
1072 2307 1281 2344 momenti
1297 2304 1469 2354 faceret,

140 2368 189 2406 in
206 2378 425 2417 utramque
437 2362 715 2417 provinciam,
737 2362 848 2416 quod
860 2376 927 2402 res
939 2361 1195 2402 desideraret
1203 2362 1468 2417 supplemen-

140 2427 193 2474 ti,
223 2421 414 2468 decerni..
471 2421 526 2464 ΙΙΙ.
544 2418 841 2468 Macedoniani
862 2420 1055 2476 peditum
1069 2419 1468 2521 ‘Romanorussnnisx

1429 2488 1467 2533 ὅ»
