1548 2703
412 135 474 139 ...--
527 134 1188 143 ——.——-——-—-—-———-—-

120 48 217 131 59<s
388 77 419 115 L
442 78 461 114 1
483 76 516 114 Β
536 76 573 116 Ε
595 78 635 116 R
681 79 825 117 thv.
895 80 960 118 CA
974 93 1007 118 ι.
1032 80 1109 119 111.
1132 81 1206 120 1v.

112 226 252 268 retur.
311 229 493 271 Sollicito
520 226 704 276 consuli,
755 239 797 266 et
830 236 1003 281 propter
1035 229 1202 271 itineris
1232 230 1452 271 difficulta-

122 301 228 335 tem,
255 285 364 339 quod
389 283 593 339 ingressus
613 295 722 331 erat,
755 296 797 323 et
816 299 962 324 eorum
983 283 1116 325 vicein
1132 317 1144 336 ‚
1176 303 1278 342 quos
1299 300 1453 343 paucos

120 347 240 386 inter
261 342 402 382 media
423 341 626 396 praefidia
654 341 832 381 hostium
861 343 1154 395 praemiserat,
1192 348 1369 385 nuntius
1397 344 1453 384 ad

121 401 369 444 Ascuridem
391 399 588 453 pa1udem
612 401 804 438 occurrit.
845 400 1002 440 Addita
1021 401 1144 455 igitur
1155 413 1195 441 et
1213 397 1453 456 ipsi'fiducia

124 460 204 510 est,
231 458 550 509 conjunctisque
573 457 731 509 copiis‚'
752 456 888 495 ,castra
911 459 1091 508 tumulo,
1124 461 1194 513 qui
1213 462 1451 510 tenebatur,

125 533 207 572 qua
227 515 478 570 aptissimum
500 513 552 553 ad
565 515 645 552 Ioci
656 525 851 553 naturam
865 526 966 564 erat,
989 515 1085 554 sunt
1097 518 1312 556 acclinata.
1350 510 1458 557 Noti

118 575 301 619 hostium
325 572 451 611 modo
470 571 623 620 castra,
653 586 757 624 quae
780 574 903 624 paulo
930 574 1021 626 plus
1041 575 1156 613 mille
1176 573 1364 629 passuum
1386 576 1454 613 ab·

125 643 272 680 erant,
305 630 374 670 sed
395 631 533 669 omnis
557 629 671 681 regio
697 629 750 667 ad
766 630 899 669 Dium
923 641 962 669 et
983 631 1164 681 Philam,
1196 646 1350 686 oraque
1369 646 1455 671 ma-

126 692 210 739 ris,
241 691 323 727 late
343 698 516 742 patente
538 701 590 725 ex
612 698 693 724 tam
718 688 799 726 alto
828 689 921 740 jugo
945 688 1186 742 prospectu,
1218 691 1346 730 oculis
1366 686 1466 729 sub-'

125 749 277 804 jicitur.
335 748 452 796 Quae
473 758 538 783 res
558 743 751 783 accendit
770 745 893 784 militi
916 746 1092 795 animos,
1117 747 1328 801 postquam
1350 747 1456 788 sum÷

85 802 92 805 ⁸
126 820 243 846 mam
263 804 385 852 beni,
417 817 465 842 ae
486 803 618 855 regias
640 817 787 841 omnes
807 803 944 856 copias
958 833 968 852 ‚
1003 814 1242 858 terramque
1254 804 1455 855 hostilem

127 876 214 904 tam
237 877 259 901 e
280 862 520 916 propinquo
543 859 867 915 conspexerunt.
909 861 1052 914 Itaque
1063 877 1156 900 cum
1170 864 1339 909 a}acres,
1362 877 1458 916 pro-

127 923 243 961 tinus
267 921 437 958 duceret
461 917 513 956 ad
538 916 667 955 castra
688 917 887 966 hostium,
919 918 1131 957 consulem
1159 920 1457 970 hortarentur3

128 979 218 1019 dies
248 991 357 1016 unus
380 975 488 1014 sessis
510 977 652 1013 labore
679 976 767 1013 viae
788 975 839 1013 ad
863 977 1045 1028 quietem
1076 977 1195 1017 datus
1217 978 1286 1018 est.
1332 979 1457 1017 tertio

129 1037 222 1085 die,
268 1045 385 1089 parte
422 1033 637 1086 copiarum
670 1032 723 1072 ad
751 1032 1005 1087 praesidium
1034 1034 1263 1075 castrorum·
1295 1036 1454 1088 relicta,

129 1093 274 1134 consul
296 1091 350 1131 ad
370 1090 529 1130 hostem
554 1089 680 1129 ducit.

242 1210 315 1250 IV.
366 1206 538 1261 Hippias
551 1219 692 1260 nuper
713 1204 766 1244 ad
789 1204 995 1246 tuendum
1016 1206 1160 1247 saitum
1181 1209 1232 1247 ab
1250 1221 1346 1262 rege
1364 1205 1458 1248 mis-

129 1268 195 1310 sus
217 1277 328 1307 erat:
365 1267 544 1322 quinex
566 1279 646 1316 quo
666 1263 796 1302 castra
817 1266 1010 1304 Romana
1034 1267 1083 1304 in
1105 1267 1264 1305 tumulo
1287 1266 1458 1320 conspe-

130 1328 217 1375 xit,
248 1323 506 1378 praeparatis
530 1321 583 1360 ad
603 1332 833 1360 certamen(
853 1324 1008 1363 animis
1035 1323 1222 1372 suorum,
1264 1323 1459 1364 venienti

131 1384 289 1438 agmini
309 1380 489 1420 consulis
507 1380 650 1419 obvius
671 1378 770 1418 fuit:
811 1390 851 1418 et
882 1382 1066 1420 Romani
1099 1381 1284 1436 expediti
1311 1381 1364 1427 ad
1386 1396 1461 1435 pu·

131 1455 257 1497 gnam
286 1440 499 1486 exierant,
533 1448 573 1475 et
595 1435 742 1475 hostes.
779 1437 881 1477 levis
905 1449 1113 1477 armatura
1135 1450 1242 1488 erat,
1272 1438 1460 1493 promtis·

131 1500 278 1539 fimum
304 1510 432 1550 genus
460 1495 513 1533 ad
541 1494 827 1533 lacessendum
853 1507 1082 1535 certamen.
1145 1496 1357 1550 Congressi
1386 1496 1460 1550 igi-

131 1567 200 1596 tur
222 1555 446 1608 extemplo,
479 1553 560 1591 tela
581 1554 865 1606 conjecerunt.
906 1555 1034 1592 muita
1058 1556 1255 1608 utrinque
1279 1556 1458 1594 vulnera

133 1614 358 1654 temerario
380 1609 622 1657 incursu-et
642 1622 806 1662 accepta
821 1639 832 1659 ,
866 1622 906 1649 et
928 1612 1063 1651 inataz
1092 1613 1212 1665 pauci
1244 1613 1459 1665 utriusque

133 1673 265 1727 partis
297 1669 554 1709 ceciderunt.
616 1668 793 1706 Irritatis
822 1670 869 1706 in
901 1668 1109 1722 posterum
1145 1668 1255 1708 diem
1288 1670 1458 1717 animis,

133 1729 361 1782 majoribus
393 1727 522 1780 copiis
554 1736 675 1779 atque
702 1724 892 1764 infestius
922 1726 1170 1765 concursum
1198 1729 1249 1765 ab
1279 1728 1386 1776 illis,
1427 1726 1459 1767 Ii

133 1789 215 1828 loci
243 1786 335 1826 satis
365 1783 417 1824 ad
438 1782 735 1837 explicandam
767 1784 899 1822 aciem
921 1783 1079 1825 fuissetx
1116 1786 1255 1839 jugum
1287 1786 1467 1834 montis,.

133 1838 182 1886 iu
200 1844 417 1898 angustum
438 1841 604 1880 dorsum
628 1852 851 1880 cuneatum
867 1871 877 1891 ,
915 1843 984 1881 vix
1004 1843 1135 1882 ternis
1155 1842 1376 1883 ordinibus
1396 1857 1461 1881 ar.

134 1914 342 1943 matorum
365 1903 412 1940 in
434 1899 578 1939 fronte
598 1900 742 1952 patuit.
799 1901 964 1954 Itaque,
998 1902 1136 1953 paucis
1157 1902 1459 1955 pugnantibus,

135 1972 274 2000 cetera
294 1956 530 2006 multitudo,
551 1958 774 2011 praecipue
795 1955 1072 2011 quigravium
1093 1971 1305 1997 armorum
1323 1968 1458 2008 erant,

134 2019 381 2072 spectatores
403 2028 567 2069 pugnae
589 2014 762 2053 stabant.
789 2015 889 2054 levis
912 2027 1122 2056 armatura
1145 2017 1267 2056 etiam
1288 2030 1366 2070 per
1386 2028 1459 2054 an·

135 2076 290 2116 fractus
304 2076 385 2128 jugi
401 2086 667 2128 procurrere,
688 2083 728 2110 et
741 2074 793 2110 ab
813 2074 1010 2112 lateribus
1030 2087 1124 2113 cum
1145 2076 1460 2125 levi-armatura

109 2149 112 2151 ’
136 2133 382 2181 conserere,
422 2145 499 2185 per
522 2129 667 2184 iniqua
688 2140 809 2183 atque
832 2143 963 2183 aequa
984 2133 1074 2170 loca
1095 2145 1276 2186 pugnam
1298 2142 1458 2185 petere.

137 2202 198 2241 ac,
223 2192 413 2244 pluribus
432 2204 480 2228 ea
493 2187 563 2227 di‘e·
584 2189 826 2237 vulneratis,
849 2189 1228 2241 quaminterfectis‚
1249 2189 1460 2242 proelium
1515 2195 1517 2198 “

136 2259 260 2288 nocte
281 2247 506 2286 diremtum
525 2243 594 2285 est.
647 2246 791 2284 Tertio
814 2244 880 2284 die
903 2260 1024 2301 egere
1045 2247 1217 2286 consilio
1238 2249 1459 2286 Romanus

137 2304 388 2360 imperator:
420 2316 519 2342 nam
540 2315 679 2357 neque
700 2310 874 2342 manere
894 2305 942 2343 in
958 2306 1050 2359 jugo
1069 2305 1204 2359 inopi,
1234 2317 1375 2359 neque
1395 2316 1459 2342 re-

138 2364 255 2418 gredi
284 2363 371 2402 sme
401 2359 575 2416 flagitio,
626 2370 747 2414 atque
776 2362 902 2400 etiam
933 2364 1144 2416 periculo}
1187 2361 1258 2401 sed
1287 2359 1460 2401 cedenti

139 2434 191 2460 ex
221 2420 502 2475 superioribus
529 2416 629 2458 locis
659 2418 813 2458 instare
840 2416 964 2459 hostis
995 2430 1176 2474 poterat:
1233 2432 1316 2460 nee
1344 2415 1461 2458 aliud.

138 2476 336 2529 restabat,
368 2490 496 2534 quam
525 2476 723 2517 audacter
746 2477 1008 2518 commissum
1031 2477 1243 2533 pertinaci
1270 2473 1459 2525 audacia,

1355 2544 1462 2590 quae
