1548 2703
134 59 189 106 42
393 61 545 126 1,-Ξέ
566 60 602 100 E
632 62 671 101 R
711 63 851 102 xxxi.
880 53 884 62 “
915 66 1027 104 CAP.
1050 67 1189 107 vat.

439 132 486 168 U.
513 132 554 168 C.
579 136 676 176 552.
849 147 882 171 a.
910 134 953 171 C.
979 134 1028 172 N.
1054 146 1145 173 200.

135 210 279 256 nibus,
311 220 362 257 et,
397 210 492 262 quia
512 221 609 249 ante
631 209 764 249 fuerat
785 223 953 262 tentata,
982 214 1100 252 firmo
1122 225 1209 253 erat
1230 211 1448 266 praesidio.⁶

134 266 453 317 Coniunxerant
473 266 511 304 se
531 268 580 306 iis
595 266 679 319 post
693 271 1042 322 expugnationem
1054 270 1195 310 Andri
1217 286 1308 310 cunm
1331 286 1448 325 praei

133 322 240 362 fecto
260 321 542 375 Agesimbroto
566 326 712 377 viginti
741 325 928 366 Rhodiae
958 331 1113 377 naves,
1131 339 1261 369 tectae
1282 342 1445 369 omnes.

131 393 221 419 eam
236 380 399 420 classem
423 382 468 419 in
488 381 704 421 stationem
722 383 771 420 ad
786 384 984 424 Zelasium
998 385 1209 434 miserunt,
1229 385 1446 436 (Isthmiae

130 437 177 478 id
195 436 316 491 super
334 438 650 478 Demetriadem
682 443 1016 493 promontorium
1048 442 1104 482 est
1133 453 1448 497 peropportune

129 495 360 549 objectum)
378 507 443 544 ut,
475 496 502 535 fi
523 497 619 549 quid
641 497 743 536 inde
765 512 983 540 moverent
1003 499 1278 540 Macedonum
1301 513 1443 549 naves,

126 553 179 593 in
199 553 400 606 praesidio
420 553 564 594 essent.
610 556 848 596 Heraclides
868 556 1098 609 praefectus
1122 559 1257 611 regius
1276 557 1445 597 classem

127 610 187 649 ibi
207 613 394 659 tenebat,
426 613 554 665 magis
577 626 652 667 per
675 613 953 664 occasionem,
984 615 1012 653 fi
1042 629 1165 668 quam
1189 615 1444 668 negligentia

126 667 304 707 hostium
338 668 535 718 dedisset,
592 684 714 724 quam
747 683 888 725 aperta
933 673 973 710 vi
1003 672 1227 726 quidquam
1259 672 1442 711 ausurus.

110 726 284 765 ,Oreum
311 725 460 765 diversi
483 728 666 767 Romani
685 739 725 767 et
744 730 990 768 rexAttalus
1009 731 1331 783 oppugnabantz
1361 730 1443 767 Ro.

126 784 245 822 mani
269 798 290 822 a
315 785 522 824 maritima
543 800 658 834 arce,
688 788 790 838 regii
812 786 1003 825 adversus
1030 788 1179 826 vallem
1208 787 1320 825 inter
1341 784 1443 826 duas

124 840 333 895 jacentem
357 855 494 891 arces,
525 858 604 896 qua
634 854 673 881 et
695 857 812 882 muro
836 844 1059 898 intersepta
1079 848 1177 882 uras
1205 842 1263 882 est
1273 857 1294 882 Αι,
1330 855 1372 883 et
1396 853 1442 882 ut

123 899 218 938 loca
240 897 422 947 diversa,
461 899 514 938 sic
535 901 689 954 dispari
714 900 836 939 modo
863 903 986 941 etiam
1009 901 1329 955 oppugnabant:
1359 901 1441 940 Ro-

117 958 242 997 :mani
265 956 562 1006 testudinibus,
593 969 634 997 et
654 958 786 996 vineis
800 988 810 1006 ‚
851 971 889 997 et
920 960 1047 997 ariete
1065 956 1332 998 admovendo
1350 971 1442 999 mu·

116 1014 204 1054 tris:
256 1015 356 1068 regii
392 1014 581 1062 ballistis,
625 1015 920 1069 catapultisque
954 1027 992 1054 et
1022 1017 1102 1054 alio
1132 1015 1252 1054 omni
1281 1028 1441 1068 genere

119 1081 430 1111 tormentorum
463 1074 542 1110 tela
570 1073 846 1125 ingerentes.»
871 1084 911 1112 et
941 1072 1131 1124 pondere
1158 1074 1322 1126 ingenti
1344 1072 1440 1111 saxa

118 1130 355 1185 jaciebant,
403 1142 442 1167 et
472 1130 706 1180 cuniculos,
758 1140 799 1168 et
827 1129 1026 1186 quidquid
1058 1129 1170 1169 aliud
1200 1130 1340 1182 priore
1366 1145 1438 1183 op-

117 1188 380 1242 pugnatione
411 1199 629 1240 expertum
662 1187 882 1241 profuerat.
956 1189 1272 1226 Ceterum⁴non
1296 1187 1441 1243 plures
1480 1209 1486 1239 ¹¹,

119 1255 285 1283 tantum
310 1243 574 1293 Macedones,
604 1259 726 1297 quam
750 1257 859 1296 ante,
891 1247 1116 1284 tuebantur
1135 1247 1283 1283 urbem
1306 1254 1438 1283 arces·

117 1316 226 1355 que,
257 1301 330 1340 sed
351 1303 473 1341 etiam
496 1302 846 1356 praesentioribus
865 1303 1037 1350 animis,
1074 1313 1137 1351 et,
1165 1301 1438 1355 castigationi·

118 1361 197 1398 'bus
226 1360 332 1412 regis
356 1360 403 1398 in
424 1359 596 1399 admissa
616 1361 757 1413 culpa,
790 1360 905 1399 simul
928 1360 1164 1408 minarum,
1204 1358 1321 1398 simul
1342 1358 1436 1412 pross

118 1414 360 1456 missionum
389 1416 438 1456 in
467 1416 649 1456 futurum
681 1432 908 1466 memores,
958 1418 1012 1456 ita
1039 1427 1083 1454 ut
1110 1430 1258 1470 parum
1288 1417 1335 1456 in
1367 1429 1438 1454 ex-

119 1474 379 1528 pugnatione
403 1475 530 1514 celeri
550 1473 767 1528 speiesset.
830 1475 1004 1514 Interim
1024 1484 1065 1512 et
1087 1473 1201 1512 aliud
1228 1474 1291 1527 agi
1319 1472 1437 1526 posse

120 1544 233 1571 ratus
265 1532 438 1584 legatus,
476 1533 654 1582 relictis,
695 1544 792 1586 quot
817 1532 908 1572 satis
945 1531 1193 1571 videbantur
1223 1531 1276 1570 ad
1301 1542 1439 1584 opera

119 1587 400 1644 perficienda,
431 1590 653 1639 militibus,
696 1591 847 1639 trajicit
872 1592 918 1628 in
944 1589 1134 1643 proxima
1154 1588 1434 1628 continentis:

121 1646 405 1699 Larissamque
425 1647 537 1694 (non
554 1648 667 1686 illam
690 1648 737 1686 in
752 1647 959 1686 Thessalia
981 1648 1164 1684 nobilem
1185 1649 1346 1694 urbem,
1365 1643 1436 1683 sed.
1479 1655 1485 1660 ·

117 1707 308 1753 alteram,
335 1718 460 1756 quam
484 1705 722 1743 Cremasten
745 1707 913 1754 vocant)
934 1703 1063 1742 subito
1086 1704 1283 1750 adventu,
1313 1715 1431 1756 prae·

117 1773 182 1802 ter
206 1776 342 1802 arcem
357 1790 369 1809 ,
400 1763 520 1816 cepit.
579 1762 739 1801 Attalus
761 1776 922 1815 quoque
949 1761 1189 1814 Aegeleon,
1231 1756 1338 1800 nihil
1360 1760 1434 1798 mi-

115 1834 199 1860 :nus
222 1833 344 1872 quam
364 1820 444 1857 tale
465 1819 687 1872 quidquam
711 1821 757 1859 in
785 1820 951 1858 alterius
979 1819 1291 1872 oppugnatione
1319 1818 1437 1856 urbis

114 1878 406 1925 timentibus,·
435 1876 642 1930 oppressi&
709 1877 762 1916 Et
795 1877 875 1929 jam
910 1890 1004 1914 cum
1043 1884 1170 1929 opera
1198 1877 1246 1914 in
1279 1873 1434 1915 effectu

111 1946 239 1974 erant
267 1935 376 1973 circa
408 1936 587 1984 Oreum,
625 1945 711 1972 tum
741 1932 1013 1988 praesidium,
1049 1932 1160 1986 quod
1190 1934 1302 1972 intus
1329 1932 1435 1981 erat,

111 1993 256 2032 labore
281 1991 459 2041 assiduo,
490 1993 637 2046 vigiliis
659 1992 821 2032 diurnis
842 1992 999 2044 pariter
1028 1991 1351 2043 nocturnisque,
1389 1999 1432 2027 et

113 2050 358 2090 vulneribus
397 2047 648 2089 confectum.
706 2049 819 2088 Muri
847 2062 1009 2102 quoque
1037 2063 1155 2101 pars,
1207 2050 1335 2087 ariete
1366 2047 1430 2085 in-

112 2106 225 2146 cusso
249 2106 435 2155 subruta,
465 2107 604 2146 multis
622 2107 704 2160 jam
723 2107 823 2146 locis
846 2105 1104 2160 prociderat:
1135 2119 1291 2159 perque
1313 2117 1430 2158 aper-

110 2174 199 2202 tum
230 2165 355 2203 ruina
384 2165 464 2203 iter
490 2174 613 2203 nocte
639 2165 849 2211 Romani,
893 2163 1085 2217 quodque
1112 2163 1233 2217 super
1261 2173 1430 2217 portum

109 2222 195 2270 est,
223 2222 272 2260 in
294 2236 431 2260 arcem
455 2232 754 2276 perruperunt.
814 2220 976 2261 Attalus
1008 2221 1100 2259 luce
1124 2221 1282 2275 prima,
1310 2219 1426 2273 figno

110 2293 165 2317 ex
185 2292 280 2318 arce
303 2279 399 2317 dato
419 2283 469 2318 ab
491 2279 719 2327 Romanis,
749 2290 790 2318 et
811 2277 896 2332 ipse
917 2279 1065 2317 urbem
1086 2277 1255 2330 invasit,
1294 2275 1429 2316 stratis

108 2350 264 2389 :mgna
287 2351 340 2377 ex
359 2348 477 2390 parte
504 2337 655 2376 muris:
686 2335 934 2391 praesidium
957 2335 1242 2390 oppidanique
1258 2335 1307 2374 in
1329 2334 1426 2373 alte-

107 2407 199 2432 ram
221 2407 360 2433 arcem
379 2393 615 2447 perfugere,
635 2393 750 2433 unde
769 2393 895 2433 biduo
915 2391 1002 2446 post
1014 2392 1168 2435 deditio
1187 2392 1306 2434 facta.
1327 2393 1428 2432 urbs

111 2452 196 2505 regi
209 2481 221 2502 ‚
252 2451 415 2510 captiva
433 2465 611 2507 corpora
627 2452 835 2494 Romanis
853 2449 1021 2493 cessere.
1397 2507 1413 2545 ἶ

723 2535 727 2538 -
1264 2508 1392 2549 XLVI
1418 2536 1424 2544 .
