1548 2703
151 83 235 127 658
348 81 381 121 L
392 82 412 121 1
423 80 458 119 B
469 81 505 121 E
519 82 559 122 R
598 83 725 124 ‘XLV-
786 83 820 123 C
830 97 854 123 A
869 98 902 123 r.
919 119 923 122 .
943 83 1108 125 xxvn.
1137 85 1339 128 XXVIII.

413 135 1258 206 Μὴ.

149 229 280 280 dunt,
320 230 522 271 sacrificio
552 232 644 271 lovi
678 233 1019 286 Hercynnaeque
1049 232 1183 284 facto,
1221 250 1401 289 quorum
1430 238 1492 281 ibi

148 289 352 342 templum
383 287 462 337 est,
499 287 746 330 Chalcidem
780 289 834 328 ad
856 289 1135 344 spectaculum
1158 291 1307 346 Euripi
1328 293 1353 316 ἦ
1371 308 1492 339 aevo·

147 359 230 398 que
257 357 357 385 ante
376 345 558 395 insulae,
598 357 730 400 ponte
759 347 1002 387 continenti
1023 348 1216 401 junctae,
1253 349 1485 391 descendit.

150 402 186 442 A
205 403 405 443 shalcide
416 402 619 443 Aulidem
639 405 804 457 trajicit,
827 405 956 443 trium
977 406 1159 444 millium
1179 405 1311 460 spatio
1334 406 1491 447 distan-

151 472 260 507 tem,
289 472 459 512 portum
489 461 682 500 inclitum
706 461 882 501 statione
914 461 1133 516 quondam
1163 465 1279 504 mille
1311 465 1489 505 navium

149 516 517 571 Agamemnoniae
539 517 696 566 clasfis,
725 518 978 572 Dianaeque
1005 522 1238 573 templum,
1268 522 1341 560 ubi
1370 523 1492 562 navi·

150 575 226 614 bus
252 574 416 614 cursum
444 573 498 613 acl
522 576 718 628 Trojam,
755 575 839 614 filia
871 577 1039 616 victima
1071 578 1154 616 aris
1186 577 1376 628 admota,
1411 592 1492 618 rex

150 633 225 673 ille
244 646 388 686 regum
411 632 540 687 petiit0
582 631 693 672 Inde
713 634 902 687 Oropum
924 632 1088 674 Atticae
1109 645 1284 674 ventum
1305 635 1387 686 est;
1416 637 1489 675 ubi

151 704 229 744 pro
257 690 353 730 Deo
383 701 495 730 vates
521 689 830 746 Amphilochus
867 692 1043 740 colitur,
1087 694 1376 747 templumque
1421 707 1488 738 ve-

150 747 302 786 tustum
326 746 405 797 est,
435 746 623 787 sontibus
646 749 832 801 rivisque
855 749 968 789 circa
989 763 1232 791 amoenum.
1293 750 1489 790 Athenas
1547 750 1548 778 ἶ

149 804 276 854 inde,
305 807 453 859 plenas
476 805 647 858 quidem
669 816 710 844 et
730 805 836 859 ipsas
859 806 1059 846 vetustate
1079 806 1238 857 famae,
1275 808 1410 846 multa
1430 818 1488 846 ta·
1547 816 1548 856 ζ

148 877 253 903 men
273 862 447 902 visenda
468 863 697 903 habentes:
729 877 888 914 arcem,
919 875 1081 918 portus,
1107 879 1249 904 muros
1269 866 1489 904 Piraeeum
1547 862 1548 912 ]

150 922 244 960 urbi
265 921 511 974 jungentes,
539 922 710 962 navalia
729 935 981 975 magnorum
1011 923 1338 976 imperatorum,
1367 921 1490 961 simu·
1547 919 1548 924 ¹

150 979 264 1017 Iaera
284 978 479 1016 Deorum
498 978 822 1033 hominumque,
847 979 968 1020 omni
989 992 1147 1033 genere
1166 991 1206 1020 et
1223 980 1425 1020 materiae
1443 991 1487 1020 et

149 1037 305 1076 artium
331 1034 527 1090 insignia.

262 1153 454 1194 XXVIII.
516 1152 726 1193 Sacrificio
745 1153 967 1195 Minervae
985 1152 1166 1208 praesidi
1184 1153 1293 1195 arcis
1310 1153 1360 1193 in
1380 1153 1487 1192 urbe

150 1209 260 1251 facto
273 1210 502 1266 profectus,
525 1211 778 1251 Corinthum
797 1213 928 1267 altero
945 1211 1014 1251 die
1033 1212 1243 1267 pervenit.
1275 1212 1376 1250 urbs
1395 1220 1485 1249 erat

149 1279 254 1308 tunc
282 1270 500 1322 praeclara
533 1279 633 1308 ante
662 1268 888 1309 excidium.
929 1285 1004 1308 arx
1032 1277 1270 1323 quoque'et
1302 1267 1482 1307 Isthmus

150 1328 385 1381 praebuere
412 1325 716 1380 spectaculum:
749 1341 825 1366 arx
857 1329 972 1367 inter
997 1328 1142 1366 omnia
1168 1328 1219 1366 in
1244 1327 1482 1366 immanem

150 1383 419 1424 altitudinem
453 1382 586 1434 edita,
622 1384 786 1425 scatens
816 1383 1027 1424 fontibus:
1070 1384 1251 1424 Isthmus
1283 1383 1367 1423 duo
1398 1397 1485 1423 ma·

149 1442 234 1492 ria,
263 1444 315 1481 ab
331 1440 479 1482 occasu
500 1452 540 1482 et
561 1453 654 1480 ortu
676 1442 771 1492 solis
791 1443 993 1491 finitima,
1022 1444 1144 1482 arctis
1165 1441 1355 1481 faucibus
1383 1440 1485 1480 diri-

148 1514 282 1540 mens.
314 1501 540 1552 Sicyonem
559 1499 664 1539 inde
685 1511 726 1539 et
744 1499 879 1555 Argos
896 1501 1065 1540 nobiles
1083 1502 1208 1540 urbes
1231 1498 1341 1538 adit:
1374 1497 1483 1537 inde

147 1556 264 1597 haud
286 1572 432 1612 parem
454 1558 602 1612 opibus
623 1558 911 1612 Epidaurum,
938 1557 1011 1598 sed
1032 1559 1223 1598 inclitam
1242 1555 1484 1609 Aesculapii

147 1616 286 1655 nobili
305 1616 488 1669 templo;
516 1614 651 1669 quod,
679 1616 867 1670 quinque
886 1616 1072 1657 millibus
1090 1614 1282 1669 passuum
1303 1615 1356 1653 ab
1376 1614 1484 1652 urbe
1542 1613 1545 1623 ’

148 1673 328 1723 distans,
358 1687 479 1713 nunc
496 1672 674 1726 vestigiis
700 1673 960 1714 revulsorum
983 1673 1217 1722 donorum,
1245 1682 1335 1711 tum
1355 1670 1483 1710 donis
1531 1701 1533 1706 .

147 1731 263 1771 dives
283 1743 386 1781 erat,
408 1745 514 1786 quae
532 1730 822 1771 remediorum
843 1730 1086 1771 salutarium
1107 1731 1221 1784 aegri
1239 1728 1483 1769 mercedem

144 1788 414 1829 sacraverant
430 1789 540 1828 Deo.
570 1789 677 1829 Inde
689 1789 1050 1830 Lacedaemonem
1073 1788 1172 1838 adit,
1193 1801 1286 1828 non
1301 1798 1482 1840 operum

146 1848 476 1902 magnificentia,
500 1846 573 1885 sed
592 1846 814 1901 disciplina
834 1848 1114 1901 institutisque
1133 1845 1476 1885 memorabilem:

145 1905 264 1944 unde
291 1920 369 1960 per
390 1905 676 1959 Megalopolin
698 1907 943 1960 Olympiam
970 1904 1170 1944 ascendit.
1228 1904 1316 1943 Ubi
1334 1912 1377 1941 et
1395 1901 1480 1940 alia.
1541 1910 1543 1941 ἔ

145 1962 315 2018 quidem
340 1962 568 2018 spectanda
588 1962 699 2012 visa,
728 1973 794 2012 et,
824 1965 970 2004 Jovem
994 1964 1106 2004 velut
1123 1960 1391 2015 praesentem
1412 1959 1478 1998 in·
1540 1973 1542 2011 ς

145 2033 292 2069 tuens,
324 2032 461 2060 motus
486 2021 632 2059 animo
655 2019 725 2059 est.
777 2023 934 2076 Itaque,
964 2019 1077 2060 haud
1097 2019 1212 2059 secus
1235 2031 1359 2073 quam
1377 2016 1408 2056 si
1425 2017 1478 2055 in
1540 2018 1542 2029 ²

144 2073 350 2132 Capitolio
380 2079 673 2118 immolaturus
705 2077 827 2128 esset,
867 2079 1115 2118 sacrificium
1146 2077 1324 2130 amplius
1353 2073 1475 2113 solito

145 2137 341 2192 apparari
366 2135 489 2190 juffit-
548 2137 610 2174 Ita
628 2147 848 2190 peragrata
869 2137 1070 2185 Graecia,
1100 2145 1147 2175 ut
1171 2134 1282 2174 nihil
1312 2146 1474 2181 eorum,

143 2209 247 2247 quae
282 2195 455 2248 quisque
484 2193 619 2233 Persei
649 2195 756 2233 bello
785 2195 984 2248 privatim
1026 2204 1097 2233 aut
1132 2192 1300 2246 publice
1333 2188 1477 2229 sensis·

141 2252 220 2302 set‚
251 2253 513 2306 inquireret,
542 2266 601 2290 ne
622 2252 737 2305 cujus
761 2263 873 2291 metu
896 2252 1137 2291 sollicitaret
1160 2250 1326 2289 animos
1347 2247 1476 2286 socio-

139 2325 259 2360 rum,
308 2308 635 2349 Demetriadem
674 2324 772 2349 cum
814 2311 1008 2359 revertit,
1057 2310 1107 2348 in
1147 2308 1302 2348 itinere
1341 2303 1475 2347 sordi-

139 2368 233 2408 data
264 2370 386 2407 turba
417 2366 668 2406 Aetolorum
698 2369 902 2417 occurrit,
934 2367 1192 2420 mirantique
1223 2375 1264 2404 et
1293 2375 1475 2418 percon-

138 2427 269 2475 tanti,
311 2424 414 2480 quid
440 2423 563 2473 esset,
613 2423 831 2474 defertur,
880 2426 1134 2479 quingentos
1163 2421 1474 2476 quinquaginta

137 2484 355 2539 principes
375 2485 428 2528 ab
448 2481 619 2536 Lycisco
645 2493 687 2525 et
707 2481 900 2539 Tifipp0,
925 2480 1198 2542 'circumsesso
1222 2478 1373 2522 senatu
1393 2491 1473 2574 pelu-

622 2573 630 2582 .
1364 2549 1426 2581 ²²32
1442 2549 1471 2573 l-
