1548 2703
129 56 187 105 76
296 56 329 95 L
358 55 379 94 1
409 55 441 93 B
473 53 577 116 EIR
617 57 781 95 XXXH.
845 58 910 96 CA
923 71 955 118 r.
980 55 1123 97 ΧΧΧῘζ
1147 57 1336 99 XXXII„

135 179 530 189 —————·—=———---
548 184 577 189 -,
667 181 1453 193 -ῇ--Φ-ι--ῲ--η--ῆ

133 203 344 251 Imbribus,
379 204 430 243 ad
454 204 528 243 sua
551 205 710 244 tuenda
742 218 993 259 receperant
1018 205 1124 255 sese,
1167 207 1307 245 castris
1332 205 1368 246 se
1403 219 1459 245 te-

133 263 249 309 nuit,
295 263 382 301 acie
405 261 690 302 dimicandum
716 278 809 302 curn
840 263 955 304 hoste
977 275 1102 303 ratus.
1164 265 1255 303 Nec
1278 265 1364 315 'siuji
1389 264 1458 302 de-

132 318 376 366 trectassent
398 333 577 374 pugnam
592 351 603 369 ‚
643 323 691 360 ni
712 320 821 360 fama
839 322 965 361 victos
998 321 1195 360 Insubres
1221 322 1339 360 allata
1374 322 1460 360 mi-

132 389 224 415 mos
243 375 436 430 fregisset.
500 379 666 430 ltaque,
702 380 845 418 relicto
874 378 978 417 duce
999 379 1244 432 castrisque,
1277 378 1459 432 dissipati

132 448 210 487 per
232 435 359 482 vicos,
394 434 463 473 sua
486 446 529 472 ut
552 437 722 488 quisque
743 436 1016 484 defenderet,
1048 438 1258 475 rationem
1279 435 1459 490 gerendi

132 491 232 531 belli
254 491 358 530 hosti
382 503 605 532 mutarunt.
649 493 791 532 omissa
814 495 926 531 enim
952 493 1021 545 spe
1042 508 1118 546 per
1136 507 1266 532 unam
1290 493 1458 532 dimica-

133 551 293 589 tionem
317 551 378 588 rei
405 550 715 598 decernendae,
743 550 880 589 rursus
901 551 1090 604 populari
1110 565 1240 604 agros,
1272 562 1312 589 et
1333 560 1461 589 urere

130 618 251 656 tecta,
280 609 473 660 vicosque
493 622 735 661 expugnare
758 609 905 659 coepit.
968 610 1042 646 Per
1068 607 1238 648 eosdem
1256 607 1346 647 dies
1368 608 1459 647 Cla-

131 664 298 706 stidium
326 663 560 703 incensum.
602 665 705 703 inde
737 667 785 703 in
818 663 1047 718 Ligustinos
1078 667 1246 715 Ilvates,
1289 666 1360 718 qui
1382 664 1460 706 soli

129 737 225 763 non
258 725 484 776 parebant,
525 723 710 775 legiones
736 722 895 761 ductae.
963 723 1024 761 Ea
1053 737 1213 776 quoque
1244 736 1372 776 gens,
1412 731 1459 760 ut

129 781 328 820 Insubres
350 781 436 818 acie
468 780 616 829 victos,
654 781 796 829 Boios,
842 781 898 818 ita
921 790 965 818 ut
995 790 1158 819 tentare
1184 780 1297 833 spem
1327 789 1458 818 certa-

129 839 259 878 minis
290 849 551 886 metuerent‚
593 839 755 877 territos
787 837 969 885 audivit,
1007 839 1055 876 in
1087 836 1293 876 ditionem
1323 837 1456 876 venit.

129 897 293 936 Literae
323 893 539 934 consulum
566 910 588 933 a
614 896 754 934 Gallia
785 894 838 934 de
865 894 984 947 gestis
1012 894 1210 948 prospere
1235 895 1309 934 sub
1340 894 1456 933 idem

129 964 296 1007 tempus
318 954 498 991 Romam
525 954 682 991 allatae.
744 954 799 991 Μ.
822 953 982 1005 Sergius
1001 964 1170 1006 praetor
1190 953 1303 991 urbis
1327 953 1376 990 in
1398 950 1456 990 se-

129 1022 233 1050 natu
255 1024 347 1059 eas,
381 1009 538 1048 deinde
571 1025 623 1048 ex
647 1011 888 1048 auctoritate
911 1012 1075 1049 Patrum
1098 1009 1151 1048 ad
1169 1011 1372 1065 populum
1392 1020 1456 1047 re·

129 1069 281 1107 citavit.
340 1067 584 1121 supplicatio
603 1069 652 1107 in
670 1067 936 1121 quatriduum
966 1067 1143 1107 decreta.
1204 1069 1349 1108 Hiems
1368 1067 1453 1121 jam

131 1141 180 1167 ΕΟ
203 1137 392 1180 tempore
421 1137 523 1164 erat.

240 1240 408 1278 XXXII.
468 1240 571 1279 Cum
593 1242 641 1278 T.
663 1240 904 1291 Quinctius,
936 1250 1056 1294 capta
1081 1238 1260 1288 Elatia„
1278 1239 1328 1278 in
1350 1238 1453 1277 Pho-

128 1297 221 1338 cide
245 1312 292 1336 ac
314 1296 490 1336 Locride
512 1298 692 1336 hiberna
712 1296 904 1350 disposita
926 1297 1124 1345 haberet,
1157 1297 1327 1349 Opunte
1348 1294 1452 1334 [edi-

124 1356 183 1396 tio
202 1366 294 1394 orta
315 1354 386 1393 est.
447 1356 584 1394 Factio
614 1369 701 1392 una
727 1354 915 1401 Aeto]os‚
958 1355 1027 1406 qui
1057 1355 1274 1407 propiores
1306 1361 1454 1400 erant;

125 1414 258 1453 altera
278 1413 495 1452 Romanos
508 1411 746 1451 arcessebat.
788 1411 928 1451 Aetoli
948 1412 1109 1464 priores
1123 1421 1354 1451 venerunt:
1375 1405 1461 1448 'sed‘

125 1470 369 1525 opulentior
384 1468 531 1520 factio,
561 1469 731 1509 exciulis
753 1468 933 1517 Aetolis,
964 1468 1166 1521 missoque
1198 1467 1252 1506 ad
1273 1469 1452 1522 impera-

123 1540 260 1568 torem
288 1528 532 1567 Romanum
559 1528 736 1576 nuntio,
781 1540 909 1580 usque
934 1527 984 1564 in
1013 1525 1243 1565 adventum
1276 1525 1363 1578 ejus
1393 1535 1452 1564 te-

125 1587 221 1625 nuit
243 1587 403 1624 urbem.
445 1584 598 1625 Arcem
620 1586 778 1638 regium
799 1586 970 1624 tenebat
991 1582 1263 1637 praelidium:
1294 1595 1451 1636 neque,

124 1655 170 1683 ut
190 1641 498 1682 descenderent
525 1641 652 1690 inde,
692 1653 761 1680 aut
790 1642 1074 1695 Opuntiorum
1094 1642 1248 1691 minis,
1286 1651 1355 1679 aut
1382 1653 1452 1678 au·

125 1701 312 1742 ctoritate
332 1701 580 1754 imperantis
602 1699 781 1740 consulis
794 1699 992 1747 Romani,
1017 1699 1196 1752 perpelli
1209 1706 1449 1751 potuerunt.

123 1759 244 1798 Mora
258 1787 269 1806 ‚
301 1771 376 1795 cur
397 1772 488 1796 non
510 1759 720 1811 extemplo
741 1767 1104 1811 oppugnarentur,
1135 1769 1183 1794 ea
1201 1755 1305 1804 fuit,
1335 1751 1451 1808 quod

122 1815 371 1854 caduceator
396 1817 447 1854 ab
475 1829 572 1869 rege
602 1825 800 1862 venerat,
858 1815 994 1852 {ocum
1027 1828 1074 1852 ac
1105 1824 1270 1868 tempus
1299 1823 1452 1866 petens

123 1873 344 1925 colloquio.
406 1872 452 1912 Id
474 1885 638 1927 gravate
663 1870 902 1910 concessum
921 1872 1007 1924 regi
1034 1870 1103 1909 est.
1140 1885 1234 1910 non
1257 1871 1362 1924 quin
1382 1882 1452 1908 cu-

122 1941 243 1984 peret
262 1931 482 1979 Quinctius
503 1945 580 1984 per
599 1930 638 1969 se
661 1930 814 1982 partim
833 1929 982 1977 armis,
1016 1928 1169 1981 partim
1194 1925 1451 1968 conditioni-

121 1989 199 2026 bus
228 1986 468 2027 confectum
494 1987 629 2027 videri
661 1988 843 2028 bellum:
897 1985 1083 2026 necdum
1123 1987 1242 2026 enim
1279 1984 1448 2032 sciebat,

121 2056 260 2084 utrum
283 2043 485 2084 successor
504 2045 578 2084 fibi
602 2046 707 2083 alter
719 2059 772 2084 ex
793 2043 915 2082 novis
937 2042 1176 2083 consulibus
1187 2044 1451 2093 mitteretur3

122 2117 202 2151 an,
234 2101 367 2155 quod,
399 2102 559 2141 summa
578 2104 619 2142 vi
639 2113 683 2140 ut
702 2100 944 2150 tenderent,
973 2102 1114 2140 amicis
1133 2111 1175 2139 et
1196 2098 1450 2155 propinquis
1470 2101 1473 2103 ’

121 2159 412 2209 mandaverat,
441 2161 664 2214 imperium
685 2169 1001 2213 prorogaretur:
1033 2169 1176 2211 aptum
1196 2169 1335 2197 autem
1356 2155 1449 2195 fore

121 2217 374 2269 colloquium
399 2218 618 2267 credebat,
656 2229 702 2256 ut
722 2216 795 2256 fibi
816 2217 996 2255 liberum
1018 2214 1139 2265 esset,
1180 2216 1247 2255 vel
1280 2213 1334 2252 ad
1364 2213 1451 2251 bel-

121 2277 208 2313 lum
230 2275 438 2323 manenti,
458 2276 522 2315 vel
545 2275 596 2314 ad
611 2289 752 2329 pacem
767 2272 992 2313 decedenti
1012 2287 1103 2312 rem
1123 2273 1348 2312 inclinare.
1393 2271 1452 2309 In.

72 2332 80 2337 “
122 2332 215 2371 smu
247 2333 423 2371 Maiiaco
454 2340 584 2387 Prope
619 2333 815 2371 Nicaeam
845 2332 941 2370 litus
971 2331 1145 2383 eiegere.
1207 2344 1256 2369 eo
1290 2343 1369 2368 rex
1396 2328 1451 2366 ab

119 2389 399 2429 Demetriade
425 2404 521 2428 cum
552 2391 738 2444 quinque
774 2389 926 2429 lembis
957 2398 997 2426 et
1020 2402 1105 2426 una
1132 2400 1244 2428 nave
1273 2386 1450 2426 rostrata

121 2448 253 2487 venit.
313 2448 449 2488 Erant
467 2462 562 2489 cum
583 2462 632 2488 eo
650 2448 866 2503 principes
889 2444 1191 2496 Macedonum,
1203 2456 1244 2486 et
1263 2444 1451 2486 Achaeo-

1357 2515 1453 2541 rum
