1548 2703
272 74 304 113 L
325 75 342 112 1
364 74 398 112 B
419 74 455 113 E
475 75 515 113 R
547 75 775 113 XXXVIII.
837 74 948 114 CAr.
971 73 1042 111 VI.
1064 73 1159 111 VH.
1297 71 1384 115 325

47 195 1380 207 ——-——--—-—-—--——-——-———-———.-————-

47 236 86 264 et
117 222 303 261 crescere
335 237 561 261 numerum
594 223 769 261 hostium
800 225 1060 272 cernebant,
1106 219 1288 258 destituti
1317 219 1376 258 se-

43 282 166 335 gnius
186 279 362 318 instare:
392 280 613 333 postremo,
636 295 682 318 re
702 279 860 329 omissa,
885 280 968 331 jam
989 279 1060 317 vix
1080 288 1167 316 tuto
1187 288 1370 330 receptu,

43 339 250 390 fugientes
270 339 318 376 in
339 342 486 376 urbem
509 339 834 391 compeHuntur,
859 347 976 390 parte
997 334 1372 388 operumincensa,

41 407 84 435 et
107 396 294 449 pluribus
322 397 560 449 aliquanto,
588 410 708 448 quam
733 394 807 448 ipfi
827 393 1091 441 ceciderant,
1117 391 1368 439 interfectis.

42 452 155 507 quod
175 453 203 491 li
223 467 276 492 ex
297 453 520 507 composito
544 464 632 491 acta
655 466 721 492 res
742 451 881 492 fuisset
895 483 906 500 ,
939 450 1051 491 haud
1072 450 1242 489 dubium
1265 460 1367 497 erat,

42 511 276 564 expugnari
297 525 381 549 una
401 512 542 563 utique
564 522 681 564 parte
702 525 829 564 opera
854 524 947 548 cum
976 522 1126 562 magna
1147 507 1274 546 caede
1297 507 1370 546 ho·

41 567 161 607 stium
186 567 372 621 potuisse.
435 567 766 616 Ambracienses,
800 569 950 621 quique
970 567 1082 605 intus
1101 577 1224 604 erant
1243 564 1366 603 Aeto-

40 626 94 674 li,
129 639 222 663 non
249 628 300 664 ab
329 627 414 678 ejus
437 626 569 664 solum
592 627 728 665 noctis
747 627 917 678 incepto
940 623 1168 673 recessere,
1212 622 1283 662 sed
1317 623 1366 661 in

40 684 250 735 reliquum
273 698 436 737 quoque
465 694 649 737 tempus,
685 684 798 722 velut
829 682 984 736 proditi
1016 696 1038 719 a
1067 680 1171 730 suis,
1205 681 1366 734 segnio-

38 754 107 779 res
131 740 181 778 ad
204 742 388 794 pericula
410 753 543 779 erant.
576 743 656 794 jam
677 755 805 779 nemo
827 740 1139 793 eruptionibus,
1176 750 1221 785 ut
1252 749 1364 786 ante,

37 799 85 838 in
105 797 298 837 stationes
320 798 518 848 hostium,
558 798 631 839 sed
662 797 845 853 disposui
872 811 948 853 per
976 810 1119 837 muros
1146 808 1187 837 et
1215 807 1363 845 turres,

38 868 92 896 ex
115 866 200 894 tuto
223 858 480 910 pugnabant.

149 972 243 1010 VII.
305 971 494 1021 Perseus,
536 973 608 1011 ubi
629 971 768 1010 adesse
797 969 965 1010 Aetolos
994 969 1176 1019 audivit,
1218 967 1364 1009 omissa

34 1026 250 1067 obsidione
272 1031 387 1069 urbis
401 1060 412 1079 ,
445 1043 567 1082 quam
590 1031 855 1083 oppugnabat
869 1059 880 1076 ,
909 1027 1182 1081 depopulatus
1200 1038 1365 1066 tantum

35 1099 176 1139 agros,
205 1085 503 1140 Amphilochia
525 1085 705 1135 exeeffit,
736 1098 858 1139 atque
880 1087 928 1125 in
952 1086 1247 1124 Macedoniam
1268 1085 1364 1125 red-

33 1144 93 1184 iit.
155 1143 208 1181 Et
226 1142 394 1183 Aetolos
417 1144 520 1183 inde
552 1145 740 1183 avocavit
762 1145 973 1198 popuiatio
997 1144 1231 1182 maritimae
1253 1157 1364 1183 orae.

34 1198 245 1240 Pleuratus
266 1203 505 1254 Ulyriurum
536 1217 632 1249 rex,
670 1216 764 1240 cum
796 1201 1008 1254 sexaginta
1038 1201 1186 1241 lembis
1217 1202 1364 1240 Corin-

25 1258 167 1297 thium
192 1257 327 1298 finum
350 1261 552 1308 invectus=
575 1259 782 1311 adjunctis
803 1259 1084 1307 Achaeorum,
1109 1273 1215 1312 quae
1234 1259 1364 1298 Patris

33 1326 179 1364 erant,
219 1313 417 1365 navibus,
451 1318 663 1356 maritima
693 1316 883 1364 Aetoliae
914 1315 1108 1361 vastabat.
1151 1315 1364 1355 adversus

31 1386 133 1426 quos
151 1373 266 1411 mille
287 1373 427 1414 Aetoli
448 1374 578 1423 missi,
613 1388 861 1427 quacunque
883 1373 924 1412 se
950 1374 1081 1412 elaffis
1110 1376 1361 1427 circumege-

30 1441 98 1469 rat.
125 1444 203 1483 per
231 1432 401 1470 litorum
429 1431 664 1480 anfractus,
703 1432 961 1471 brevioribus
989 1431 1143 1473 semitis
1171 1446 1362 1471 occurre-

31 1489 148 1528 bant.
207 1488 261 1528 Et
292 1491 476 1537 Romani
504 1490 557 1528 ad
587 1488 879 1538 Ambraciam,
917 1490 1104 1542 pluribus
1135 1491 1235 1530 locis
1268 1504 1363 1543 qua-

28 1544 177 1584 tiendo
210 1548 405 1596 arietibus
434 1561 598 1596 muros,
645 1548 902 1600 aliquantum
934 1549 1046 1586 urbis
1077 1546 1361 1600 nudaverant.

31 1615 116 1643 nec
135 1614 279 1643 tamen
296 1617 522 1661 penetrare
542 1606 591 1643 in
611 1607 759 1644 urbem
789 1615 995 1658 poterant.
1059 1606 1168 1644 Nam
1203 1621 1246 1645 et
1271 1606 1363 1658 pari

27 1661 243 1706 *eeleritate
261 1676 396 1702 novus
418 1677 496 1716 pro
515 1661 653 1702 diruto
674 1676 817 1702 murus
831 1663 1113 1714 objiciebatur,
1135 1675 1177 1702 et
1196 1663 1360 1712 armati,

31 1719 169 1758 ruinis
196 1719 496 1772 superstantes,
548 1720 679 1759 instar
719 1720 975 1758 munimenti
1005 1731 1141 1760 erant.
1203 1723 1360 1774 Itaque,

33 1790 129 1816 cum
153 1788 294 1831 aperta
315 1779 356 1817 vi
377 1793 523 1831 parum
548 1777 798 1832 procederet
820 1776 977 1834 consuli
1001 1792 1081 1828 res,
1115 1779 1360 1818 cuniculum

29 1834 261 1885 occultum,
293 1836 428 1875 vineis
446 1847 544 1874 ante
564 1847 755 1875 contecto
777 1837 890 1884 ioco,
936 1847 1059 1888 agere
1084 1836 1275 1876 instituit.
1319 1846 1360 1875 et

30 1891 314 1944 aliquamdiu,
342 1907 436 1932 cum
461 1893 549 1932 dies
577 1905 805 1946 noctesque
832 1893 882 1932 in
912 1907 1041 1946 opere
1070 1894 1227 1943 essent,
1266 1907 1359 1932 non

31 1948 166 1999 [olum
186 1949 259 1988 sub
275 1959 390 1989 terra
413 1950 647 1999 fodientes,
686 1950 757 1990 sed
782 1961 999 2004 egerentes
1020 1953 1145 1990 etiam
1168 1952 1358 2003 humum,

7 2011 10 2013 ’
28 2004 223 2061 fefellere
249 2007 421 2047 hostem.
451 2009 650 2049 Cumulus
663 2020 840 2063 repente
853 2019 990 2048 terrae
1009 2011 1205 2055 eminens
1225 2009 1362 2050 index

30 2066 171 2118 operis
194 2065 419 2119 oppidanis
443 2065 535 2107 fuit.
573 2066 820 2121 pavidique,
863 2079 920 2104 ne
948 2068 1032 2122 jam
1057 2067 1236 2107 subrutis
1268 2081 1360 2111 mu,-

29 2122 111 2171 ris,
126 2120 244 2161 ‘facta
266 2122 315 2162 in
335 2127 485 2163 urbem
505 2125 572 2164 via
594 2123 715 2174 esset,
754 2122 898 2163 fossam
922 2126 1036 2163 intra
1065 2140 1232 2164 murum
1246 2136 1276 2166 'e
1295 2139 1362 2167 re..

30 2179 158 2232 gione
182 2180 271 2233 ejus
294 2182 457 2236 operis,
488 2181 601 2237 quod
622 2182 759 2222 vineis
785 2192 1024 2221 contectum
1053 2194 1164 2234 erat,
1202 2183 1362 2226 ducere

30 2234 266 2277 instituunt.
324 2239 440 2293 cujus
472 2241 544 2279 ubi
573 2238 627 2279 ad
649 2250 810 2279 tantam
840 2240 1134 2291 altitudinem,
1177 2253 1362 2296 quantae

32 2291 118 2334 esse
135 2292 269 2334 solum
289 2294 491 2342 infimum
504 2298 691 2337 cuniculi
711 2308 889 2352 poterat,
911 2309 1220 2352 pervenerunt,
1239 2299 1361 2342 silem

32 2351 91 2406 tio
114 2348 247 2400 sacto,
276 2356 467 2407 pluribus
498 2356 599 2408 locis
619 2359 719 2395 aure
749 2354 939 2405 admota,
980 2356 1166 2396 sonitum
1194 2354 1363 2399 fodiem

31 2409 140 2450 tium
163 2414 401 2462 captabant.
445 2414 583 2464 Quem
603 2413 673 2453 ubi
695 2425 964 2471 acceperunt,
986 2416 1183 2468 aperiunt
1203 2425 1364 2463 rectam

31 2461 85 2510 {a
105 2467 350 2516 cuniculum
368 2471 494 2526 >vi-am.
554 2484 637 2512 nec
656 2470 734 2515 suit
759 2473 904 2525 magni
935 2473 1086 2528 operis.
1139 2482 1365 2515 momento

723 2530 759 2568 X
789 2531 819 2576 3
1248 2530 1368 2575 enim
